2818 4654
138 2130 142 2139 ·
237 2097 248 2154 ,’
291 2099 439 2158 luvenalis
452 2100 482 2154 in
493 2101 617 2156 Saburra
625 2143 636 2170 ,
652 2103 792 2156 etcollem
804 2100 931 2156 dominae
945 2101 1010 2156 teris
1019 2102 1144 2170 Dianoe,
1159 2111 1209 2156 etc.
1222 2101 1298 2177 Ergo

292 341 316 406 6
353 441 355 445 v
520 341 561 406 D.
590 283 738 408 JU-NH
771 333 1063 408 IUVENALIS

500 504 765 603 calorii
792 519 1082 604 saruasu

290 715 332 784 in
350 713 534 786 luvenalis
547 717 662 786 vitam
682 740 703 786 a
721 715 898 786 Suetonio
913 717 1086 814 scriptam
1103 713 1298 786 Commen-

356 836 483 908 tarius.
505 835 680 931 (Exercit.
694 837 853 908 Plinian.
874 838 914 908 in
929 820 1141 936 Solinscap.
1160 835 1240 934 32).

331 1048 483 1104 simis
502 1043 671 1104 Juvenalem
690 1045 722 1102 in
743 1043 809 1103 loco
834 1043 912 1104 exilii
932 1043 1094 1124 scripsisse,
1111 1043 1168 1104 hoc
1190 1057 1251 1116 est,
1267 1045 1299 1103 in

292 1144 444 1219 Aegypto,
458 1151 545 1218 atque
564 1139 605 1198 ibi
627 1139 781 1198 decessisse
794 1140 890 1218 placet
905 1139 1051 1218 plerisque
1064 1153 1212 1198 veterum:
1227 1142 1300 1198 mis-

291 1253 358 1294 sum
371 1247 468 1303 autem
482 1255 536 1313 per
549 1234 674 1313 speciem
687 1235 806 1294 honoris
819 1235 852 1296 in
865 1239 1031 1314 Aegyptum
1045 1235 1083 1294 ad
1096 1235 1299 1314 praefecturam

290 1331 420 1390 cohortis
435 1331 489 1389 sub
501 1321 690 1402 Domitiano,
704 1332 785 1409 qubd
803 1331 935 1391 Paridem
952 1333 1165 1411 pantomimum
1184 1332 1214 1390 in
1232 1331 1301 1390 aula

292 1439 363 1485 tunc
373 1426 530 1505 gratiosam
542 1427 649 1506 scripto
660 1417 773 1485 satiiico
784 1427 918 1499 laesisset,
928 1429 1048 1488 tradunt
1055 1429 1126 1499 Dio,
1138 1427 1259 1499 suidas,
1270 1440 1302 1486 et

291 1535 348 1582 vet.
361 1523 451 1600 schol.
465 1523 502 1582 ad
514 1535 565 1581 sat.
576 1527 628 1594 IV,
639 1523 686 1580 38.
696 1525 759 1582 Hoc
768 1523 907 1582 ultimum
916 1527 940 1582 si
948 1527 1061 1584 veritati
1071 1532 1301 1604 consentaneum¹

291 1632 354 1692 est,
370 1633 485 1698 oportet
504 1641 572 1678 eum
593 1619 711 1678 rediisse
732 1633 799 1698 post
817 1621 976 1678 Domitiani
996 1639 1164 1679 excessum:
1180 1641 1249 1678 nam
1271 1633 1301 1680 et

272 1707 274 1715 ¹
291 1719 394 1776 Romae
404 1716 507 1774 vixisse
517 1727 583 1794 post
594 1711 807 1787 Domitianum,
821 1727 849 1774 et
863 1715 1022 1794 scripsisse,
1034 1716 1219 1786 multarunt,
1232 1736 1299 1794 qua

291 1813 398 1870 faciant
410 1813 508 1870 iidem.
520 1812 659 1870 Martialis
671 1811 724 1870 lib.
739 1813 799 1870 XII
812 1813 1068 1890 epigrammatum,
1081 1833 1147 1890 quae
1161 1813 1216 1870 sub
1228 1817 1299 1872 Tra·

288 1909 359 1986 jano
369 1909 531 1986 composita
543 1920 572 1966 et
586 1889 707 1967 collecta
719 1921 804 1977 sunt,
819 1913 920 1966 Romae
934 1929 1001 1966 cum
1015 1921 1085 1966 tunc
1098 1909 1187 1966 fuisse
1198 1921 1298 1986 aperte

292 2004 420 2066 ostendit
426 2006 597 2082 epigramm.
612 2006 658 2062 18.
669 2009 747 2062 Dum
759 2019 788 2062 tu
788 2005 917 2080 forsitan
928 2007 1067 2080 inquietus
1078 2024 1157 2067 erras
1167 2008 1297 2061 ammosa

291 2195 393 2254 Rornae
407 2208 486 2266 erat',
500 2215 559 2252 non
574 2195 603 2252 in
617 2199 768 2274 Aegypto,
781 2192 849 2252 ciam
864 2195 978 2252 satiram
990 2197 1057 2266 XV,
1071 2195 1107 2254 de
1119 2195 1298 2273 superstitio-

287 2290 378 2349 nibus
397 2291 523 2370 Aegypti
541 2290 677 2361 ludebat,
695 2301 724 2347 et
747 2289 851 2347 falsum
874 2289 945 2348 dicit
965 2303 1049 2348 vetus
1070 2291 1228 2368 interpres,
1246 2290 1297 2367 qui

290 2387 426 2464 scriptam
444 2387 474 2443 in
491 2390 624 2463 Aegypto
642 2384 751 2442 asserit.
772 2385 910 2442 Hadriani
930 2379 1111 2463 temporibus
1123 2385 1297 2444 elaboratam

291 2495 419 2560 arguunt
431 2482 484 2538 ista
498 2502 534 2538 ex
550 2481 651 2539 eadem
664 2493 715 2538 sat.
729 2501 757 2536 v.
773 2499 820 2553 27.

430 2630 484 2678 Nos
497 2628 609 2676 miranda
622 2627 739 2692 quidem,
751 2626 794 2675 scd
809 2643 891 2694 uapor
905 2630 1008 2677 consule
1023 2631 1040 2678 J
1042 2629 1103 2677 unio
1175 2645 1181 2656 ¹

430 2713 513 2759 Gesta.

290 2851 335 2914 Ita
345 2846 412 2905 libri
424 2863 543 2914 coines,
557 2863 616 2914 nou
628 2846 716 2900 Vrirco
724 2844 879 2902 relJunco.
889 2843 1088 2921 Dissyllabum
1101 2855 1144 2904 est
1154 2847 1254 2918 Junrb,
1262 2860 1297 2906 ut

216 2961 218 2967 ’
290 2944 486 3002 υἰηιίεηιίαιον
501 2939 719 3017 tetrasyllabum
737 2941 873 3014 Horatio,
888 2953 916 2998 ct
936 2944 1112 3000 Nasidienus
1115 2964 1130 3012 ,·
1144 2954 1178 2999 ut
1198 2947 1296 3004 tenum

290 3033 473 3116 trisyllabum
489 3036 644 3106 Lucretio,
659 3036 799 3114 Virgilio,
811 3037 944 3094 Martiali.
965 3037 1000 3110 Q.
1016 3039 1134 3094 lanciam
1148 3041 1295 3096 Rustr'cum

289 3133 440 3212 intelligit,
451 3133 503 3210 qui
512 3131 615 3190 consul
626 3131 682 3188 fuit
692 3151 759 3188 cum
768 3131 914 3190 Hadriano
923 3131 1008 3189 tertio
1016 3133 1199 3212 cjusimperii
1207 3153 1295 3207 anno,

289 3231 377 3290 Urbis
393 3242 492 3287 autem
512 3227 636 3286 conditae
653 3229 880 3286 DCCCLXXII:
896 3229 994 3306 itaque
1008 3227 1097 3306 paulo
1111 3241 1177 3307 post
1190 3249 1294 3290 consu-

288 3327 382 3386 latum
396 3326 476 3384 Iunii
490 3325 597 3403 scripta
612 3324 662 3382 illa
677 3326 771 3400 satira.
785 3326 838 3382 Vir
855 3325 960 3384 doctus
973 3337 1064 3398 errat,
1077 3327 1129 3404 qui
1141 3326 1178 3384 ad
1190 3347 1297 3394 consu-,-

287 3423 381 3488 latum
401 3421 492 3501 Appii
508 3422 588 3480 Junii
610 3421 710 3480 Sabini
730 3421 791 3480 haec
813 3422 920 3480 referre
941 3422 1084 3496 malebat,
1102 3443 1178 3482 anno
1202 3428 1237 3481 V.
1260 3429 1292 3484 C.

286 3517 543 3590 DCCCXXXVII,
554 3539 615 3596 quo
626 3519 650 3576 is
661 3517 772 3595 collega
782 3518 838 3576 fuit
850 3518 1016 3576 Domitiani.
1026 3520 1140 3578 Etenim
1152 3521 1294 3580 exstineto

284 3617 345 3694 jam
363 3615 529 3692 Domitiano
550 3635 651 3673 omnes
670 3613 721 3671 has
744 3615 841 3671 satiras
861 3615 979 3692 scriptas
1000 3615 1105 3686 fuisse,
1120 3617 1189 3694 ipsae
1206 3615 1243 3674 de
1262 3638 1293 3676 se

287 3710 363 3769 clare
377 3696 519 3781 efflant,
533 3703 624 3769 etalii
637 3711 697 3789 j'am
711 3708 880 3788 probirunt.
893 3711 1092 3770 Tredecimam
1106 3732 1226 3790 quoque
1238 3713 1293 3771 sub

287 3807 366 3866 idem
382 3801 473 3866 ferme'
488 3820 605 3885 tempus
620 3808 810 3885 compositam
833 3807 894 3885 ipsa
915 3806 1001 3866 dicet.
1019 3808 1066 3866 Ad
1081 3809 1235 3867 Calvinum
1250 3810 1294 3867 di-

285 3916 438 3976 restarem,
454 3921 543 3982 quem
561 3906 681 3967 Fonteio
703 3903 822 3974 consule
842 3916 944 3964 natum
966 3905 1112 3984 sexaginta
1125 3906 1185 3984 jam
1200 3925 1293 3966 annos

1178 4039 1209 4087 ι.
