2924 4662
270 325 341 412 29⁸
505 326 647 392 verr.
674 325 1042 394 couusuusnrt

208 461 211 464 ·
275 448 369 506 corvis
383 447 484 508 avibus
499 449 556 508 luit
568 449 741 514 miraculum
755 450 798 508 ire
810 449 847 507 sd
860 451 1002 528 majorum
1015 447 1188 510 cadaverum
1198 469 1276 530 pm·

275 544 342 602 dnm
354 566 362 601 :
377 545 560 623 quisqu-andi
572 557 680 616 statura
692 558 760 604 suut
771 546 858 606 Galli.
869 545 1007 624 Virgilius
1019 567 1027 602 t

436 647 440 656 ’
443 689 561 712 .....
579 663 986 728 sunu-pmieeseorpmrongu
1029 691 1031 698 ι
1132 661 1135 666 ·

312 767 348 821 V.
364 764 431 822 aba.
444 768 543 822 Lauro
561 769 671 840 collega
685 768 834 837 secundm]
851 765 1004 834 Secmrdo,
1018 783 1071 843 per
1089 765 1214 822 Marium
1229 767 1283 825 faa.

273 860 353 918 milia
371 879 454 919 nova.
465 863 539 919 Nam
549 862 644 939 primo
658 879 710 939 per
723 861 1082 930 Ciceronemuobilitoti,
1097 861 1153 920 hoc
1167 873 1226 932 est,
1241 876 1277 921 ut
1350 855 1353 860 ⁴

267 957 473 1035 triumpharet.
493 959 566 1027 Vel,
586 957 714 1016 secunda
733 958 832 1015 'lauro‘
846 957 939 1030 dixit,
956 959 1029 1036 quis
1055 958 1185 1017 secundo
1207 959 1276 1018 loco

272 1052 461 1130 triumphavit
476 1067 543 1132 post
556 1053 697 1132 collegam
710 1073 807 1112 suuma
1042 1093 1044 1102 .
1144 1081 1162 1120 ο
1240 1098 1243 1103 ,

312 1161 348 1214 V.
370 1157 436 1217 253.
455 1161 596 1226 Plebeiae,
604 1161 758 1216 Deciorum
778 1161 910 1228 antium]
931 1157 1014 1216 Decii
1029 1169 1113 1236 pater
1131 1171 1160 1216 et
1179 1157 1275 1231 iilius,

272 1255 386 1313 somnio
398 1255 500 1313 moniti
512 1275 565 1332 pro
578 1253 776 1314 incolumitate
791 1255 893 1332 populi
906 1255 1028 1312 Romani
1039 1273 1069 1312 se
1081 1254 1277 1326 devoverunt,

166 1421 169 1428 ⁴
270 1351 346 1412 alter
359 1351 439 1411 bello
459 1353 580 1423 latino,
594 1351 668 1410 alter
687 1352 765 1411 bello
786 1351 907 1410 Gallico.
926 1353 1000 1408 Nam
1017 1363 1098 1429 pater
1118 1353 1185 1409 sirm
1203 1365 1278 1410 esset

267 1448 384 1526 collega
400 1454 432 1507 L.
446 1449 547 1507 Manlii
564 1451 722 1528 Torquati,
738 1461 890 1526 essentque
906 1449 1018 1508 sommo
1035 1447 1195 1519 admoniti,
1212 1469 1277 1508 earn

272 1555 384 1620 partem
397 1544 545 1602 victricem
563 1544 640 1614 fore,
654 1547 739 1624 cujus
757 1543 817 1600 dux
835 1544 865 1600 in
884 1543 984 1622 praelio
1006 1543 1157 1612 ceciderit,
1168 1544 1277 1604 Decius

194 1679 197 1688 ·
271 1639 432 1698 calcaribus
451 1653 528 1719 equ'o
545 1643 684 1712 incitato,
696 1643 727 1698 in
741 1641 853 1702 medios
873 1641 969 1700 hostes
987 1642 1090 1711 irruit,
1105 1641 1205 1718 ibique
1218 1662 1276 1719 pu-

265 1755 362 1813 gneus
371 1735 540 1794 interfectus
550 1748 601 1794 est.
611 1738 701 1815 Cujus
711 1733 780 1794 citur
790 1757 897 1814 corpus
905 1737 1012 1796 milites
1021 1737 1143 1796 liberare
1154 1749 1274 1798 conten-

156 1897 162 1916 !
212 1828 216 1836 ’
271 1831 390 1900 derent,
403 1850 471 1888 cum
489 1831 575 1908 plena
596 1843 664 1890 sunt
684 1833 790 1890 reversi
807 1832 934 1890 victoria.
955 1835 1018 1892 ldoc
1037 1831 1169 1910 exemplo
1184 1832 1274 1909 patris

271 1940 328 2003 pro'
343 1924 423 1983 bello
443 1925 600 1985 Samnitico
618 1939 647 1985 et
664 1930 778 1999 Tusco,
796 1927 876 1987 bello
894 1925 1007 1988 Gallico
1024 1927 1062 1986 ub
1080 1927 1210 1988 hostibus
1229 1939 1274 1985 est

267 2019 349 2080 filius
362 2021 553 2101 interemptus
566 2044 573 2079 :
589 2023 625 2080 de
639 2024 748 2101 quibus
761 2035 790 2082 et
801 2023 959 2102 Virgilius:

444 2109 766 2205 quaesiueruntque.
786 2175 793 2188 .
812 2173 818 2187 .
838 2122 847 2187 .‘
865 2174 872 2187 .

308 2242 345 2297 V.
361 2239 427 2298 258.
441 2244 557 2298 Ancilla
569 2250 673 2314 nattes]
686 2243 858 2301 Ocriculano
869 2244 991 2323 captiva.
1003 2244 1119 2300 Servius
1129 2242 1253 2301 Tullius.

309 2348 345 2402 V.
362 2345 429 2421 259.
444 2349 553 2420 Regum
572 2349 620 2402 ult.
643 2349 691 2402 ille
710 2349 765 2418 bo]
780 2351 854 2406 Nam
871 2348 990 2406 fuerunt
1007 2367 1088 2425 reges
1107 2360 1205 2425 postes
1223 2367 1274 2404 su-

223 2515 243 2536 ,·
265 2441 363 2518 querbi.
383 2444 522 2500 Sextusa
541 2443 693 2501 Romulo:
713 2463 781 2502 uam
800 2444 940 2522 septimus
957 2445 1133 2522 Tarquinius
1148 2445 1205 2502 fuit
1218 2447 1275 2503 Su-

270 2537 387 2615 perbus.

309 2646 345 2700 V.
359 2643 425 2699 261.
437 2645 560 2700 Iuvenes
570 2647 658 2720 ipsius
670 2648 812 2726 consulis]
823 2645 919 2724 Ipsius
929 2646 1010 2704 Bruti
1023 2645 1092 2716 filii,
1105 2646 1156 2724 qui
1166 2665 1183 2703 a
1193 2657 1272 2722 petru

272 2736 369 2793 secum
379 2737 507 2812 percussi
516 2752 596 2796 suut:
609 2751 706 2817 portas
713 2740 893 2818 aperiebant,
904 2753 938 2798 ut
946 2740 1121 2820 Tarquinius
1128 2739 1277 2818 Superbus

269 2843 397 2889 Intrarel.

308 2937 343 2990 V.
359 2935 425 2992 263.
445 2935 516 2994 Cim
537 2939 616 3007 Coe]
631 2937 767 2994 Horatius
781 2935 882 2994 Cocles
895 2933 964 2994 ciam
978 2936 1067 3014 fessos
1082 2937 1190 2997 milites
1206 2955 1275 2994 suos

268 3027 305 3086 ab
321 3031 449 3088 Etruscis
459 3031 720 3110 videret,.pontem
733 3031 889 3090 sublicium
903 3031 1030 3092 subduci
1039 3032 1141 3110 jussit,
1152 3051 1189 3090 ue
1203 3051 1275 3110 pro-
1347 3076 1350 3082 .

163 3201 165 3204 Ι
267 3125 346 3182 tinus
363 3124 460 3184 hostes
478 3127 515 3184 ad
535 3128 645 3186 Urbem
661 3129 753 3197 irent,
771 3139 800 3185 et
815 3129 877 3204 ipse
891 3128 970 3186 solus
984 3129 1100 3189 iuterim
1113 3128 1274 3187 exercitum

266 3219 418 3294 Porsennae
437 3223 592 3294 sustinuit,
607 3222 713 3282 dehinc
733 3235 860 3283 armatus
880 3223 1009 3284 Tiberim
1030 3225 1215 3288 transnatavit
1235 3223 1274 3280 ad

269 3299 377 3377 sunsit&
1108 3387 1110 3394 ¹
1130 3369 1134 3380 .

306 3418 342 3471 V.
358 3382 422 3487 alis.
439 3417 522 3489 Virgo
537 3421 609 3486 nat]
624 3414 725 3472 Cloelia
737 3415 819 3492 virgo
831 3414 907 3473 inter
916 3414 1032 3474 obsides
1043 3415 1272 3476 dausqueius

266 3529 284 3567 a
302 3511 456 3582 Romanis,
473 3510 610 3568 simulans
630 3511 689 3568 ritu
704 3512 797 3588 patrio
810 3511 886 3569 velle
905 3531 934 3569 se
951 3511 982 3570 iu
997 3511 1059 3588 ripa
1074 3512 1186 3570 Tiberis
1202 3531 1273 3568 cum

266 3607 376 3665 caeteris
391 3608 551 3686 virginibus
571 3625 649 3666 sacra
669 3608 780 3680 facere,
793 3609 932 3687 ablegatis
950 3608 1121 3666 custodibus
1140 3620 1272 3666 transna-

247 3691 249 3700 ’
266 3704 351 3760 tavit:
365 3715 394 3760 et
404 3720 456 3781 per
466 3703 575 3780 legatos
590 3723 606 3760 a
619 3708 762 3762 Porsenna
775 3705 947 3784 recepts,‚in
958 3717 1037 3763 tanto
1051 3703 1162 3763 honore
1173 3702 1273 3762 hahita

266 3810 326 3870 est,
340 3811 375 3856 ut
387 3819 456 3858 cum
470 3800 578 3858 caeteris
593 3799 744 3858 obsidibus
763 3801 795 3858 in
813 3801 935 3878 patriam
952 3800 1156 3860 remitteretur·
1173 3798 1271 3877 Hujus

263 3895 402 3958 reimusa
415 3907 445 3954 et
460 3907 583 3956 statuam
597 3908 761 3975 equestrem
772 3896 879 3956 meruit
890 3897 1059 3968 inauratam.
1140 3951 1148 3966 ,
