2868 4658
280 381 342 460 342
514 377 659 442 verr.
687 375 1056 442 conuincitur

319 504 356 560 V.
374 502 438 570 184.
458 501 631 576 Contingunt
640 501 752 558 homini
761 521 790 557 v.
802 501 832 575 f.
847 499 888 578 9]
901 501 978 572 Quia
990 511 1072 568 aute,
1085 497 1163 576 fraga
1174 509 1203 554 et
1214 495 1294 575 glan-

280 599 350 658 dem
362 597 495 655 homines
508 596 708 656 comedebant.
858 659 863 667 Q
1039 647 1043 654 .

321 697 357 751 V.
375 693 439 751 185.
455 695 510 751 Nil
522 697 638 750 vetitum
644 693 772 767 fecisse]
791 694 819 748 Is
833 711 901 749 nam
915 711 976 750 non
988 691 1054 750 vult
1066 709 1100 748 ea
1112 709 1179 770 qum
1192 688 1294 748 illicit·

281 803 350 850 eunt
362 789 532 860 admittere,
547 788 598 846 sed
612 808 664 846 ona
677 799 848 868 paupertate
863 800 1018 846 contentus
1030 805 1101 846 esse.

319 871 357 944 V.
375 887 440 943 186.
452 888 513 942 Per
518 889 557 960 gl.
562 905 676 961 perone
688 888 763 960 tegi]
775 884 932 962 Virgilius:

459 975 898 1049 ....cr'nrn1ntegitelterepero.
1146 1035 1149 1042 ,

319 1077 356 1129 V.
374 1072 438 1144 187.
453 1075 614 1146 Ignotaque
629 1072 731 1140 noim]
748 1073 820 1142 Quae
833 1089 851 1125 a
864 1067 949 1126 nobis
962 1069 1077 1148 ignota,
1091 1066 1165 1125 alios
1177 1065 1293 1126 inducit

281 1169 320 1230 ud
334 1169 437 1229 scelus.

319 1271 358 1325 V.
375 1267 439 1342 189.
455 1268 529 1322 Hoec
543 1267 589 1320 itu·
598 1270 730 1334 veteres.]
744 1263 942 1322 emerissus
954 1262 1070 1340 dubunt.

319 1369 356 1420 V.
376 1383 440 1439 190.
454 1363 615 1436 Supinum]
631 1359 842 1418 Dormientem.

317 1463 354 1516 V.
373 1477 438 1535 192.
452 1460 571 1531 Perlege
584 1457 705 1526 nebron]
722 1456 864 1514 Rubi-icas
872 1456 957 1536 jurio.

319 1557 357 1611 V.
383 1555 447 1630 193.
469 1557 531 1608 Aut
549 1555 639 1608 ui'tcm
650 1573 744 1626 posce
764 1553 879 1622 libello]
900 1555 941 1610 Ut
960 1550 1091 1610 centtuio
1112 1549 1178 1620 fies,
1195 1549 1234 1606 da
1254 1550 1290 1607 li-

279 1651 391 1722 bellos,
407 1651 439 1708 id
460 1663 521 1720 est,
537 1649 651 1708 milita:
668 1650 734 1708 vitis
754 1669 822 1706 num
842 1649 955 1726 insigne
974 1648 1179 1706 centurionum
1197 1660 1258 1719 cet,
1272 1669 1290 1705 a

279 1749 386 1808 Libero
403 1757 486 1824 patre
502 1743 669 1814 inventum,
685 1746 738 1823 qui
758 1745 870 1824 primur
887 1744 1092 1824 triumphavit,
1106 1757 1137 1804 et
1155 1745 1291 1804 inventor

278 1845 344 1902 vitis
355 1843 420 1900 fuit.

320 1945 355 1998 V.
374 1948 437 2016 194.
448 1940 508 1995 Sed
516 1950 606 2014 caput
613 1941 750 1994 intactum
763 1939 860 2008 bucol
870 1938 978 1996 semus
989 1936 1037 1996 hic
1049 1951 1108 1996 est:
1122 1938 1163 1996 cic
1173 1957 1242 2016 age,
1253 1952 1291 1997 ut

280 2051 309 2096 te
320 2035 472 2095 sordidum
484 2035 569 2112 pueri
580 2034 738 2104 mirentur,
748 2045 778 2091 et
788 2034 927 2092 virtutem
941 2046 1022 2092 tuem
1034 2035 1200 2106 imitentur,
1210 2035 1236 2094 si
1246 2037 1291 2094 vie

280 2133 412 2194 centurio
426 2127 561 2190 militare.
1249 2208 1252 2214 Ι

319 2232 355 2287 V.
378 2227 442 2304 195.
460 2229 584 2286 Miretur
598 2229 707 2284 Lceu'm
721 2228 810 2295 clau]
824 2227 929 2284 Comes
945 2225 1052 2284 Leeliue
1068 2227 1217 2299 centurio,
1231 2227 1289 2286 enh

279 2346 339 2405 quo
352 2323 506 2394 militabis,
519 2336 554 2381 ut
565 2335 675 2380 evertas
690 2341 768 2380 canae
782 2333 811 2380 et
824 2322 1138 2401 attegiae0Mnnromm.

318 2427 355 2480 V.
374 2422 438 2497 196.
453 2423 644 2494 Brigantum]
663 2417 827 2476 Gallorum.

319 2521 355 2572 V.
373 2536 437 2592 197.
462 2518 501 2570 Ut
518 2519 685 2590 locupletem
705 2515 857 2590 aquilam]
880 2519 921 2574 Ut
941 2514 1058 2593 signifer
1077 2516 1117 2576 eis
1136 2517 1288 2596 stipendiis

280 2613 417 2674 emeritus
430 2631 507 2668 anno
521 2609 716 2688 sexagesimo,
729 2629 790 2687 quo
804 2611 948 2687 stipendia
959 2611 1144 2689 deponebunt
1153 2633 1212 2672 eun.

317 2713 353 2766 V.
369 2728 432 2784 199.
449 2709 564 2765 Cornua
574 2714 724 2778 ventrem]
738 2709 768 2766 Si
780 2727 885 2786 pavore
898 2727 1060 2780 romaum,
1069 2719 1120 2768 aut
1129 2711 1287 2781 lituorum,

279 2817 380 2863 venter
391 2803 445 2860 tibi
456 2803 588 2861 solvitur.

316 2905 352 2959 V.
368 2919 436 2958 roo.
450 2901 703 2976 Vendere'possic]
718 2901 787 2958 Esto
798 2900 968 2978 negotiator.

316 2999 353 3053 V.
367 3017 435 3054 201.
450 2999 546 3052 Plon's
558 2998 697 3065 donidio]
711 2995 781 3052 Plus
793 2993 888 3054 media
903 3008 993 3074 perte.

317 3097 353 3153 V.
368 3111 435 3150 non.
451 3095 515 3148 Abl.
529 3094 650 3158 Tiberim
662 3095 757 3161 ultre]
773 3092 1012 3169 Tmneportendoe
1027 3091 1103 3152 ultre
1115 3093 1254 3154 Tiberim.

316 3194 353 3247 V.
370 3191 436 3246 203.
450 3192 516 3246 Neu
529 3190 630 3243 credas
634 3193 681 3262 μ]
695 3189 739 3243 Ne
749 3198 918 3248 contemnas
932 3189 1065 3248 viliorem
1076 3209 1220 3264 mercem,
1232 3205 1287 3250 aut

278 3303 344 3364 quae
355 3295 471 3362 puteat,
484 3283 515 3340 id
530 3295 586 3352 est,
599 3282 673 3339 caria
682 3281 734 3359 (9).
820 3279 823 3288 ¹

315 3387 351 3438 V.
367 3383 433 3439 206.
447 3385 541 3455 Atque
550 3383 612 3454 ioco
621 3383 691 3437 Jove
702 3381 812 3454 dignm]
826 3379 863 3438 Id
878 3393 939 3451 est,
953 3382 1032 3440 Jovie
1045 3371 1221 3442 dictumest.

314 3481 351 3535 V.
369 3478 435 3534 208.
452 3479 562 3532 Vetuloe
564 3497 601 3549 p.
612 3495 634 3530 r.
646 3481 744 3546 arem]
755 3479 827 3534 Assa
839 3476 939 3536 nutrix
951 3477 1075 3550 dicitur,
1086 3497 1153 3557 quae
1164 3479 1209 3538 lac
1220 3500 1285 3539 non

275 3585 392 3653 praeetat
403 3571 579 3641 infantibus,
595 3570 646 3630 sed
660 3571 756 3630 sotum
770 3571 950 3651 diligentiam
965 3585 996 3632 et
1009 3575 1185 3634 munditiem
1198 3577 1285 3636 adhi-

275 3669 327 3728 bet
340 3690 347 3725 :
362 3667 508 3726 nutricula
521 3668 595 3726 sicca
605 3711 613 3737 ,
625 3679 737 3726 vetusto
750 3665 909 3728 insentibus
921 3681 1071 3728 monstret.

314 3768 350 3824 V.
365 3784 432 3841 ²⁰9·
446 3766 521 3820 Ante
530 3765 622 3840 alleba
634 3778 664 3823 et
673 3767 761 3835 belm]
775 3769 852 3822 Ante
866 3777 979 3824 {etatem
990 3766 1131 3826 discendi.

313 3863 351 3917 V.
368 3862 435 3920 213.
454 3861 579 3918 Vincerir
594 3875 626 3920 ut
639 3863 739 3934 Ajao]
755 3860 791 3918 Id
806 3873 864 3931 eet,
875 3874 910 3919 ut
925 3861 969 3920 illi
984 3863 1015 3923 in
1025 3864 1132 3924 virtute
1146 3876 1287 3945 parentes

275 3976 344 4016 euos
355 3969 579 4038 superaverunt,
591 3959 632 4016 sic
645 3970 675 4016 et
685 3959 738 4018 iste
751 3969 780 4016 te
793 3957 825 4016 in
837 3957 964 4018 avaritia.
