2922 4672
5 3083 9 3200 l

490 317 883 386 osomaronm.
1133 327 1195 405 ης

183 441 276 515 nim,
291 440 401 522 quau
417 441 554 502 centnm
566 441 682 522 mdiu
699 441 798 500 tunel
809 441 871 512 Qui
883 437 1083 519 Μιςὶωτιιιι
1097 435 1197 512 Quin

184 541 376 600 amantissimi
389 539 483 606 Jurisl
498 543 526 598 Δ
539 539 650 610 domis,
662 559 679 598 a
692 537 778 598 bonis
794 535 931 596 omnibns
943 529 1078 614 quotidie
1086 535 1198 596 deside·

184 651 306 709 mame,
320 636 787 715 metamque-desiderabantur.
802 637 916 694 florum
929 651 1112 692 mmmomm
1123 633 1200 692 viro-

186 755 256 798 cum
268 735 398 814 egregins
410 734 494 793 dotes
506 733 647 814 peculiari
658 733 792 812 quodam
806 751 840 790 no
853 731 935 792 velut
949 729 1123 800 hereditario
1133 730 1200 810 jure

185 831 225 888 ad
239 843 269 888 te
282 831 463 890 munandans
475 829 512 888 ad
525 847 615 888 unam
628 847 732 888 omnes
744 829 785 886 ita
798 829 829 888 in
842 839 871 886 ts
884 824 1074 897 messuisti,
1088 837 1123 884 nt
1137 845 1201 905 pro

188 929 253 1007 pria
262 946 390 1005 vereque
402 939 453 986 nu
466 925 589 1005 insignia
601 945 663 986 esse
674 925 836 984 videantur.
848 927 1035 986 laterautem
1044 935 1201 1002 tot-magna

189 1043 222 1084 ae
236 1042 320 1102 pane
332 1022 486 1082 ianuam
496 1021 528 1080 in
540 1022 765 1100 llemp'ablicam
778 1020 897 1092 merita,
910 1033 1050 1098 quantam
1062 1021 1200 1100 insuper,

191 1119 244 1176 Vir
263 1116 456 1187 nantissime,
468 1117 667 1196 amplissimus
683 1129 767 1196 pater
779 1119 855 1175 tuus
872 1117 930 1176 sibi
948 1115 1071 1195 gloriam
1087 1135 1203 1195 compa·

190 1215 282 1284 ravit,
294 1213 378 1292 qnod
390 1213 495 1292 dignos
508 1233 538 1272 se
550 1213 660 1272 liberos
672 1211 846 1292 pmcreiriu
859 1214 1077 1292 mmunqne
1089 1213 1162 1272 tanti
1174 1223 1205 1272 te
1238 1225 1242 1232 ’

189 1311 285 1370 lilium
299 1309 428 1372 nominis
439 1309 608 1388 reliquerit!
621 1311 696 1384 Quis
707 1311 788 1370 enin
800 1322 845 1370 ost
858 1310 889 1368 in
902 1309 959 1368 hoc
972 1311 1092 1388 Regno,
1106 1310 1138 1368 in
1147 1313 1203 1367 lle·

189 1408 311 1486 molles
324 1405 493 1478 Limum,
505 1407 566 1466 imo
579 1407 611 1465 in
624 1410 742 1488 Europa
755 1407 891 1466 universa
904 1407 978 1466 adeo
991 1407 1162 1486 peregrinus
1174 1417 1206 1466 et

194 1505 294 1574 rudis,
309 1515 344 1564 ut
356 1503 461 1564 miram
474 1515 555 1564 tuam
568 1503 785 1582 eloquentiam,
796 1505 992 1564 eruditionem
1006 1515 1073 1576 qe
1085 1504 1134 1562 vix
1146 1509 1207 1562 me'·

191 1600 315 1662 dibilem
332 1619 403 1660 oum
421 1617 521 1660 snam
541 1601 690 1679 majestate
708 1601 768 1660 oris
785 1612 814 1660 et
834 1601 939 1660 eximia
958 1599 1122 1660 urbanitate
1137 1617 1207 1659 eon-

192 1699 327 1776 junotam
338 1715 399 1757 aon
410 1694 508 1755 ndriti
519 1695 689 1758 Pactam
699 1695 775 1756 hano
788 1697 820 1754 in
832 1709 862 1755 ts
873 1695 1105 1756 virtutemrelnt
1116 1696 1207 1775 genti·

194 1793 253 1852 lem
266 1801 367 1852 noum
380 1791 584 1870 ιςιιοκίιιιιιε,
597 1811 664 1870 qnae
677 1793 788 1852 aeteus
799 1791 958 1853 virtutilm
968 1804 1012 1851 est
1022 1803 1204 1850 ommnento.

195 1892 265 1951 Haeo
279 1887 568 1966 quotidianum
579 1889 660 1950 uiros
675 1889 707 1948 iu
724 1888 947 1948 familiaritatem
964 1900 1046 1948 tuam
1059 1890 1206 1948 admittit:

196 1985 267 2058 haec
277 1983 385 2047 blandi
397 1983 525 2064 quidam
539 1986 570 2044 vi
588 1987 822 2066 uiuscujusque
838 1985 893 2046 tibi
910 1986 1068 2046 amicitiam
1078 1986 1210 2066 gradem-

197 2103 258 2162 qne
271 2081 426 2154 conciliat:
441 2081 504 2144 hnc
517 2081 645 2162 deniquo
657 2083 786 2162 ingentia
800 2081 893 2142 animi
909 2083 963 2148 mi·
972 2084 1207 2162 lasum-vigorem

196 2181 308 2259 ingenii
321 2223 329 2251 ‚
350 2179 519 2248 suavitatem
543 2178 783 2259 sanctitatemque
808 2200 925 2240 morum
949 2182 1064 2240 notiora
1088 2182 1157 2238 fecit
1179 2194 1209 2238 et

198 2261 374 2348 illustriora,
387 2297 424 2336 ne
440 2289 568 2356 quantus
585 2295 661 2336 esses
677 2277 887 2356 ignomremus.
904 2277 1027 2350 Quoties
1039 2279 1070 2336 in
1083 2277 1209 2356 publicis

200 2373 358 2452 Regianum
371 2373 612 2446 Academiarum,
627 2373 737 2452 quibus
755 2393 864 2452 praees,
878 2374 1003 2434 coetibus
1018 2387 1047 2432 te
1061 2393 1148 2453 super
1161 2373 1211 2432 ab*

197 2470 382 2530 strusitsimis
394 2470 521 2530 scientiis
538 2483 568 2528 et
583 2471 695 2530 arfihus
710 2469 793 2530 nott
813 2465 967 2543 facilitate,
983 2470 1061 2530 tanti
1075 2467 1210 2530 usundit

199 2568 388 2634 disserentem
411 2567 600 2640 audivimus,
621 2581 655 2626 ut
679 2569 710 2627 in
732 2568 821 2628 rebus
842 2569 967 2628 maxime
989 2569 1088 2628 arduis
1108 2567 1211 2628 ludere

200 2664 421 2744 quodammodo
440 2664 599 2735 videreris,
618 2664 830 2743 magistrosque
850 2665 931 2744 ipsos
950 2665 1037 2744 longe
1056 2666 1213 2744 superare?

199 2761 322 2834 Quoties
335 2760 518 2818 eruditorum
534 2759 691 2820 hominum
708 2760 929 2824 multitudinem
940 2781 1010 2820 cum
1023 2761 1213 2824 admiratione

201 2870 231 2916 et
241 2856 434 2916 delectatione
445 2856 579 2914 silentem
590 2867 679 2934 atque
690 2855 831 2915 intentam
841 2856 970 2914 vidimus
980 2875 1017 2916 ex
1027 2869 1079 2915 tuo
1091 2855 1215 2916 dicentis

203 2973 253 3014 ore
266 2953 463 3032 pendentem?
476 2951 593 3010 Ndrunt
606 2951 663 3010 hoc
678 2972 779 3012 omnes
797 2964 827 3011 et
843 2952 986 3010 mirantur
998 2963 1147 3032 quotquot
1159 2951 1213 3010 hac

203 3049 236 3127 in
247 3049 364 3108 civitate
376 3048 456 3127 regia
468 3047 581 3126 degunt
592 3048 648 3106 viri
659 3047 787 3106 litterati.

242 3146 319 3206 Hinc
332 3157 393 3216 est,
405 3165 459 3203 cur
471 3149 675 3203 Lvnoviovs
688 3147 837 3204 Maenas
851 3144 983 3224 egregius
1001 3161 1116 3224 semper
1128 3144 1216 3204 meri-

198 3237 305 3302 ‘torum
317 3241 474 3300 estimator
484 3241 515 3300 in
526 3243 646 3300 Sacrum
660 3253 689 3298 te
702 3240 914 3300 Consistorium
925 3259 1013 3298 suum
1023 3240 1142 3312 accivit,
1154 3259 1216 3318 quo

205 3337 279 3396 mna
292 3347 343 3399 tua
356 3337 494 3416 sagacitas
512 3355 545 3400 ae
561 3356 676 3394 summa
693 3336 820 3394 eruditio
834 3335 938 3415 majori
949 3337 981 3394 in
993 3335 1106 3394 theatro
1119 3355 1217 3394 versa-
1338 3341 1341 3352 '

206 3445 317 3508 rentur.
332 3433 408 3491 Hinc
425 3444 470 3490 est
482 3441 620 3512 qnoque,
634 3451 689 3492 our
704 3429 906 3490 consummati
925 3429 1058 3490 docturi
1072 3431 1218 3510 scniliqne‘

207 3525 383 3606 experiendi
397 3527 554 3606 praedimm
564 3529 702 3606 juvenem
719 3540 748 3585 te
766 3525 928 3592 admodum
941 3526 1010 3584 novi
1022 3526 1113 3586 instar
1125 3527 1218 3606 Apol-

207 3623 276 3682 linis
286 3623 423 3682 universo
436 3623 592 3698 doctorum
605 3622 760 3682 hominum
773 3623 862 3681 coetui
875 3622 1059 3682 meritissimo
1069 3624 1137 3702 jure
1148 3641 1220 3702 prae-

208 3721 352 3780 sidentem
374 3739 477 3780 omnes
497 3719 694 3792 admirantur,
712 3735 827 3792 amant,
844 3731 1028 3780 emerentur.
1047 3721 1159 3778 Veram
1181 3728 1236 3780 ne'

208 3819 359 3880 modestiae
367 3833 427 3880 tuas
434 3819 617 3899 gramoresss
626 3819 779 3898 incipiant,
790 3819 950 3880 laudarate
958 3818 1089 3878 desinam
1099 3818 1225 3898 invitus,-

209 3937 302 3998 qnem
311 3931 361 3986 ¹tot
377 3931 407 3981 et
426 3904 806 3991 numinenumine
823 3917 992 3998 mgeoium,
1005 3917 1116 3978 sincera
1129 3917 1224 3996 pietas
1345 3963 1352 3980 ,
