<?xml version="1.0" encoding="UTF-8"?>
<!DOCTYPE html PUBLIC "-//W3C//DTD XHTML 1.0 Transitional//EN"
    "http://www.w3.org/TR/xhtml1/DTD/xhtml1-transitional.dtd">
<html xmlns="http://www.w3.org/1999/xhtml" xml:lang="en" lang="en">
 <head>
  <title>
</title>
<meta http-equiv="Content-Type" content="text/html;charset=utf-8" />
  <meta name='ocr-system' content='tesseract 3.04.00' />
  <meta name='ocr-capabilities' content='ocr_page ocr_carea ocr_par ocr_line ocrx_word'/>
</head>
<body>
  <div class='ocr_page' id='page_1' title='image "./satirae00pithgoog_0032.png"; bbox 0 0 2818 4654; ppageno 0'>
   <div class='ocr_carea' id='block_1_1' title="bbox 518 365 1094 438">
    <p class='ocr_par' dir='ltr' id='par_1_1' title="bbox 518 365 1094 438">
     <span class='ocr_line' id='line_1_1' title="bbox 518 365 1094 438; baseline 0.01 -6"><span class='ocrx_word' id='word_1_1' title='bbox 518 365 659 434; x_wconf 83' lang='lat' dir='ltr'><strong>VITA.</strong></span> <span class='ocrx_word' id='word_1_2' title='bbox 1017 369 1094 438; x_wconf 77' lang='lat'>25</span> 
     </span>
    </p>
   </div>
   <div class='ocr_carea' id='block_1_2' title="bbox 21 485 1095 718">
    <p class='ocr_par' dir='ltr' id='par_1_2' title="bbox 21 485 1095 698">
     <span class='ocr_line' id='line_1_2' title="bbox 21 485 1095 592; baseline 0.007 -38.473"><span class='ocrx_word' id='word_1_3' title='bbox 21 490 159 579; x_wconf 87' lang='lat' dir='ltr'>Ipse</span> <span class='ocrx_word' id='word_1_4' title='bbox 175 507 306 592; x_wconf 84' lang='lat' dir='ltr'>quoquo</span> <span class='ocrx_word' id='word_1_5' title='bbox 323 492 417 580; x_wconf 70' lang='lat' dir='ltr'>potita</span> <span class='ocrx_word' id='word_1_6' title='bbox 434 485 545 556; x_wconf 89' lang='lat' dir='ltr'>eadem</span> <span class='ocrx_word' id='word_1_7' title='bbox 561 492 602 558; x_wconf 88' lang='lat' dir='ltr'>de</span> <span class='ocrx_word' id='word_1_8' title='bbox 619 515 653 557; x_wconf 87' lang='lat' dir='ltr'>se</span> <span class='ocrx_word' id='word_1_9' title='bbox 670 489 798 573; x_wconf 84' lang='lat' dir='ltr'>innuit,</span> <span class='ocrx_word' id='word_1_10' title='bbox 812 509 869 558; x_wconf 90' lang='lat' dir='ltr'>sat.</span> <span class='ocrx_word' id='word_1_11' title='bbox 889 494 922 574; x_wconf 90' lang='lat' dir='ltr'>l,</span> <span class='ocrx_word' id='word_1_12' title='bbox 935 514 966 560; x_wconf 84' lang='lat' dir='ltr'>v.</span> <span class='ocrx_word' id='word_1_13' title='bbox 988 494 1045 578; x_wconf 77' lang='lat'>15,</span> <span class='ocrx_word' id='word_1_14' title='bbox 1061 511 1095 561; x_wconf 87' lang='lat' dir='ltr'>et</span> 
     </span>
     <span class='ocr_line' id='line_1_3' title="bbox 89 604 1094 718; baseline 0.005 -49"><span class='ocrx_word' id='word_1_15' title='bbox 89 604 261 686; x_wconf 79' lang='lat' dir='ltr'>Martialis,</span> <span class='ocrx_word' id='word_1_16' title='bbox 278 604 336 669; x_wconf 87' lang='lat' dir='ltr'>lib.</span> <span class='ocrx_word' id='word_1_17' title='bbox 353 607 417 670; x_wconf 89' lang='lat' dir='ltr'>VII</span> <span class='ocrx_word' id='word_1_18' title='bbox 426 607 531 718; x_wconf 83' lang='lat' dir='ltr'>,epig.</span> <span class='ocrx_word' id='word_1_19' title='bbox 554 629 618 692; x_wconf 88' lang='lat'>91,</span> <span class='ocrx_word' id='word_1_20' title='bbox 631 607 690 670; x_wconf 92' lang='lat' dir='ltr'>ubi</span> <span class='ocrx_word' id='word_1_21' title='bbox 708 608 849 671; x_wconf 90' lang='lat' dir='ltr'>amicum</span> <span class='ocrx_word' id='word_1_22' title='bbox 870 607 1094 698; x_wconf 86' lang='lat' dir='ltr'>suumsacun·</span> 
     </span>
    </p>
   </div>
   <div class='ocr_carea' id='block_1_3' title="bbox 89 705 1181 810">
    <p class='ocr_par' dir='ltr' id='par_1_3' title="bbox 21 705 1181 810">
     <span class='ocr_line' id='line_1_4' title="bbox 89 705 1181 810; baseline 0.006 -26.59"><span class='ocrx_word' id='word_1_23' title='bbox 89 720 161 784; x_wconf 86' lang='lat' dir='ltr'>dum</span> <span class='ocrx_word' id='word_1_24' title='bbox 181 719 279 784; x_wconf 89' lang='lat' dir='ltr'>dicit:</span> <span class='ocrx_word' id='word_1_25' title='bbox 294 705 326 784; x_wconf 83' lang='lat' dir='ltr'>et</span> <span class='ocrx_word' id='word_1_26' title='bbox 333 722 475 810; x_wconf 88' lang='lat' dir='ltr'>,reipsa,</span> <span class='ocrx_word' id='word_1_27' title='bbox 489 721 590 788; x_wconf 84' lang='lat' dir='ltr'>satirae</span> <span class='ocrx_word' id='word_1_28' title='bbox 605 721 768 788; x_wconf 87' lang='lat' dir='ltr'>Iuvenalis</span> <span class='ocrx_word' id='word_1_29' title='bbox 786 723 905 810; x_wconf 90' lang='lat' dir='ltr'>passim</span> <span class='ocrx_word' id='word_1_30' title='bbox 919 724 1094 798; x_wconf 84' lang='lat' dir='ltr'>oratorium</span> <span class='ocrx_word' id='word_1_31' title='bbox 1177 723 1181 730; x_wconf 79' lang='grc'><strong>’</strong></span> 
     </span>
    </p>
   </div>
   <div class='ocr_carea' id='block_1_4' title="bbox 21 1087 23 1216">
    <p class='ocr_par' dir='ltr' id='par_1_4' title="bbox 21 1087 23 1216">
     <span class='ocr_line' id='line_1_5' title="bbox 21 1087 23 1122; baseline 0 0"><span class='ocrx_word' id='word_1_32' title='bbox 21 1087 23 1122; x_wconf 79' lang='lat' dir='ltr'>l</span> 
     </span>
     <span class='ocr_line' id='line_1_6' title="bbox 21 1139 23 1168; baseline 0 0"><span class='ocrx_word' id='word_1_33' title='bbox 21 1139 23 1168; x_wconf 81' lang='grc' dir='ltr'><strong>ι</strong></span> 
     </span>
     <span class='ocr_line' id='line_1_7' title="bbox 21 1169 23 1216; baseline 0 0"><span class='ocrx_word' id='word_1_34' title='bbox 21 1169 23 1216; x_wconf 90' lang='grc' dir='ltr'>Ι</span> 
     </span>
    </p>
   </div>
   <div class='ocr_carea' id='block_1_5' title="bbox 89 835 1097 1152">
    <p class='ocr_par' dir='ltr' id='par_1_5' title="bbox 89 835 1097 1152">
     <span class='ocr_line' id='line_1_8' title="bbox 89 835 800 925; baseline 0.003 -27"><span class='ocrx_word' id='word_1_35' title='bbox 89 835 254 925; x_wconf 82' lang='lat' dir='ltr'>ingenium</span> <span class='ocrx_word' id='word_1_36' title='bbox 272 835 428 900; x_wconf 86' lang='lat' dir='ltr'><strong>redolent.</strong></span> <span class='ocrx_word' id='word_1_37' title='bbox 785 861 800 899; x_wconf 83' lang='grc' dir='ltr'><strong>ι</strong></span> 
     </span>
     <span class='ocr_line' id='line_1_9' title="bbox 130 939 1091 1053; baseline 0.001 -39"><span class='ocrx_word' id='word_1_38' title='bbox 130 950 224 1014; x_wconf 68' lang='lat' dir='ltr'>cama</span> <span class='ocrx_word' id='word_1_39' title='bbox 244 970 298 1012; x_wconf 72' lang='lat' dir='ltr'>an.</span> <span class='ocrx_word' id='word_1_40' title='bbox 327 951 368 1013; x_wconf 86' lang='lat' dir='ltr'>V.</span> <span class='ocrx_word' id='word_1_41' title='bbox 391 950 427 1014; x_wconf 82' lang='lat' dir='ltr'>e.</span> <span class='ocrx_word' id='word_1_42' title='bbox 451 949 730 1053; x_wconf 80' lang='lat' dir='ltr'>ccccxxxru,</span> <span class='ocrx_word' id='word_1_43' title='bbox 752 950 871 1015; x_wconf 75' lang='lat' dir='ltr'>onas</span> <span class='ocrx_word' id='word_1_44' title='bbox 892 939 1033 1031; x_wconf 81' lang='lat' dir='ltr'>cxxx,</span> <span class='ocrx_word' id='word_1_45' title='bbox 1051 951 1091 1016; x_wconf 84' lang='lat' dir='ltr'>r.</span> 
     </span>
     <span class='ocr_line' id='line_1_10' title="bbox 90 1055 1097 1152; baseline 0 -24"><span class='ocrx_word' id='word_1_46' title='bbox 90 1064 199 1130; x_wconf 86' lang='lat' dir='ltr'>Flavio</span> <span class='ocrx_word' id='word_1_47' title='bbox 208 1064 328 1128; x_wconf 88' lang='lat' dir='ltr'>Sabino</span> <span class='ocrx_word' id='word_1_48' title='bbox 337 1060 524 1128; x_wconf 89' lang='lat' dir='ltr'>Domitiano</span> <span class='ocrx_word' id='word_1_49' title='bbox 535 1055 651 1152; x_wconf 58' lang='lat' dir='ltr'>Imperi</span> <span class='ocrx_word' id='word_1_50' title='bbox 661 1065 757 1128; x_wconf 72' lang='lat' dir='ltr'>satira</span> <span class='ocrx_word' id='word_1_51' title='bbox 762 1086 938 1152; x_wconf 85' lang='lat' dir='ltr'>paucorum</span> <span class='ocrx_word' id='word_1_52' title='bbox 945 1085 1097 1128; x_wconf 79' lang='lat' dir='ltr'>versuum</span> 
     </span>
    </p>
   </div>
   <div class='ocr_carea' id='block_1_6' title="bbox 21 1170 1101 1268">
    <p class='ocr_par' dir='ltr' id='par_1_6' title="bbox 21 1170 1101 1268">
     <span class='ocr_line' id='line_1_11' title="bbox 21 1170 1101 1268; baseline -0.001 -24"><span class='ocrx_word' id='word_1_53' title='bbox 21 1217 22 1244; x_wconf 77' lang='lat' dir='ltr'>t</span> <span class='ocrx_word' id='word_1_54' title='bbox 91 1203 153 1244; x_wconf 90' lang='lat' dir='ltr'>non</span> <span class='ocrx_word' id='word_1_55' title='bbox 168 1179 308 1244; x_wconf 81' lang='lat' dir='ltr'><strong>absurde</strong></span> <span class='ocrx_word' id='word_1_56' title='bbox 319 1181 495 1268; x_wconf 75' lang='lat' dir='ltr'>compositi</span> <span class='ocrx_word' id='word_1_57' title='bbox 510 1179 544 1243; x_wconf 92' lang='lat' dir='ltr'>in</span> <span class='ocrx_word' id='word_1_58' title='bbox 562 1170 710 1244; x_wconf 80' lang='lat' dir='ltr'>Paridem</span> <span class='ocrx_word' id='word_1_59' title='bbox 727 1195 760 1244; x_wconf 91' lang='lat' dir='ltr'>et</span> <span class='ocrx_word' id='word_1_60' title='bbox 775 1179 910 1244; x_wconf 85' lang='lat' dir='ltr'>Statium</span> <span class='ocrx_word' id='word_1_61' title='bbox 925 1178 1004 1266; x_wconf 90' lang='lat' dir='ltr'>(sat.</span> <span class='ocrx_word' id='word_1_62' title='bbox 1019 1179 1101 1260; x_wconf 84' lang='lat' dir='ltr'>VII,</span> 
     </span>
    </p>
   </div>
   <div class='ocr_carea' id='block_1_7' title="bbox 84 1285 1196 2993">
    <p class='ocr_par' dir='ltr' id='par_1_7' title="bbox 92 1285 1102 1610">
     <span class='ocr_line' id='line_1_12' title="bbox 92 1285 1102 1382; baseline 0.001 -25"><span class='ocrx_word' id='word_1_63' title='bbox 92 1294 171 1382; x_wconf 83' lang='lat'>87),</span> <span class='ocrx_word' id='word_1_64' title='bbox 185 1285 249 1358; x_wconf 82' lang='lat' dir='ltr'>hoc</span> <span class='ocrx_word' id='word_1_65' title='bbox 266 1317 368 1382; x_wconf 84' lang='lat' dir='ltr'>genus</span> <span class='ocrx_word' id='word_1_66' title='bbox 382 1294 547 1382; x_wconf 81' lang='lat' dir='ltr'>scripturae</span> <span class='ocrx_word' id='word_1_67' title='bbox 562 1285 758 1358; x_wconf 85' lang='lat' dir='ltr'>industriose</span> <span class='ocrx_word' id='word_1_68' title='bbox 777 1293 896 1375; x_wconf 74' lang='lat' dir='ltr'>coluit,</span> <span class='ocrx_word' id='word_1_69' title='bbox 912 1293 968 1358; x_wconf 91' lang='lat' dir='ltr'>sed</span> <span class='ocrx_word' id='word_1_70' title='bbox 984 1293 1043 1358; x_wconf 91' lang='lat' dir='ltr'>diu</span> <span class='ocrx_word' id='word_1_71' title='bbox 1060 1315 1102 1358; x_wconf 84' lang='lat' dir='ltr'>ne</span> 
     </span>
     <span class='ocr_line' id='line_1_13' title="bbox 93 1405 1102 1495; baseline 0 -25"><span class='ocrx_word' id='word_1_72' title='bbox 93 1407 218 1471; x_wconf 88' lang='lat' dir='ltr'>modico</span> <span class='ocrx_word' id='word_1_73' title='bbox 235 1407 367 1495; x_wconf 91' lang='lat' dir='ltr'>quidem</span> <span class='ocrx_word' id='word_1_74' title='bbox 386 1405 567 1489; x_wconf 88' lang='lat' dir='ltr'>auditorio,</span> <span class='ocrx_word' id='word_1_75' title='bbox 586 1405 761 1494; x_wconf 84' lang='lat' dir='ltr'>quidquam</span> <span class='ocrx_word' id='word_1_76' title='bbox 787 1407 987 1472; x_wconf 84' lang='lat' dir='ltr'>committere</span> <span class='ocrx_word' id='word_1_77' title='bbox 1005 1427 1102 1470; x_wconf 92' lang='lat' dir='ltr'>ausus</span> 
     </span>
     <span class='ocr_line' id='line_1_14' title="bbox 92 1519 1101 1610; baseline 0.002 -26"><span class='ocrx_word' id='word_1_78' title='bbox 92 1538 152 1604; x_wconf 88' lang='lat' dir='ltr'>est,</span> <span class='ocrx_word' id='word_1_79' title='bbox 166 1537 302 1610; x_wconf 76' lang='lat' dir='ltr'>propter</span> <span class='ocrx_word' id='word_1_80' title='bbox 314 1519 520 1610; x_wconf 65' lang='lat' dir='ltr'>tyrannidem</span> <span class='ocrx_word' id='word_1_81' title='bbox 530 1520 725 1602; x_wconf 89' lang='lat' dir='ltr'>Domitiani;</span> <span class='ocrx_word' id='word_1_82' title='bbox 739 1520 911 1608; x_wconf 85' lang='lat' dir='ltr'>etquidem</span> <span class='ocrx_word' id='word_1_83' title='bbox 926 1521 1101 1610; x_wconf 86' lang='lat' dir='ltr'>sapienter:</span> 
     </span>
    </p>

    <p class='ocr_par' dir='ltr' id='par_1_8' title="bbox 84 1609 1196 2392">
     <span class='ocr_line' id='line_1_15' title="bbox 91 1609 1196 1726; baseline 0 -26"><span class='ocrx_word' id='word_1_84' title='bbox 91 1659 131 1700; x_wconf 90' lang='lat' dir='ltr'>eae</span> <span class='ocrx_word' id='word_1_85' title='bbox 148 1649 150 1658; x_wconf 89' lang='grc'><strong>’</strong></span> <span class='ocrx_word' id='word_1_86' title='bbox 165 1653 246 1702; x_wconf 88' lang='lat' dir='ltr'>sunt</span> <span class='ocrx_word' id='word_1_87' title='bbox 279 1639 367 1704; x_wconf 89' lang='lat' dir='ltr'>enim</span> <span class='ocrx_word' id='word_1_88' title='bbox 403 1637 498 1725; x_wconf 89' lang='lat' dir='ltr'>hujus</span> <span class='ocrx_word' id='word_1_89' title='bbox 528 1638 654 1719; x_wconf 86' lang='lat' dir='ltr'>satirae,</span> <span class='ocrx_word' id='word_1_90' title='bbox 683 1659 762 1724; x_wconf 27' lang='lat' dir='ltr'>quae,</span> <span class='ocrx_word' id='word_1_91' title='bbox 786 1635 849 1700; x_wconf 89' lang='lat' dir='ltr'>sub</span> <span class='ocrx_word' id='word_1_92' title='bbox 878 1635 1024 1726; x_wconf 85' lang='lat' dir='ltr'>principe</span> <span class='ocrx_word' id='word_1_93' title='bbox 1051 1635 1103 1700; x_wconf 81' lang='lat' dir='ltr'>rol</span> <span class='ocrx_word' id='word_1_94' title='bbox 1191 1609 1196 1626; x_wconf 25' lang='grc' dir='ltr'>ι</span> 
     </span>
     <span class='ocr_line' id='line_1_16' title="bbox 91 1750 1104 1842; baseline 0 -28"><span class='ocrx_word' id='word_1_95' title='bbox 91 1751 278 1833; x_wconf 88' lang='lat' dir='ltr'>moderato,</span> <span class='ocrx_word' id='word_1_96' title='bbox 301 1751 433 1816; x_wconf 86' lang='lat' dir='ltr'>difficile</span> <span class='ocrx_word' id='word_1_97' title='bbox 456 1776 475 1816; x_wconf 91' lang='lat' dir='ltr'>a</span> <span class='ocrx_word' id='word_1_98' title='bbox 496 1753 626 1842; x_wconf 63' lang='lat' dir='ltr'>regffius</span> <span class='ocrx_word' id='word_1_99' title='bbox 656 1767 687 1818; x_wconf 93' lang='lat' dir='ltr'>et</span> <span class='ocrx_word' id='word_1_100' title='bbox 710 1752 847 1842; x_wconf 82' lang='lat' dir='ltr'>aulicis,</span> <span class='ocrx_word' id='word_1_101' title='bbox 869 1751 972 1816; x_wconf 88' lang='lat' dir='ltr'>multo</span> <span class='ocrx_word' id='word_1_102' title='bbox 995 1750 1104 1814; x_wconf 89' lang='lat' dir='ltr'>minus</span> 
     </span>
     <span class='ocr_line' id='line_1_17' title="bbox 90 1867 1101 1958; baseline 0 -28"><span class='ocrx_word' id='word_1_103' title='bbox 90 1890 106 1930; x_wconf 89' lang='lat' dir='ltr'>a</span> <span class='ocrx_word' id='word_1_104' title='bbox 120 1869 284 1958; x_wconf 78' lang='lat' dir='ltr'>tyrannis,</span> <span class='ocrx_word' id='word_1_105' title='bbox 301 1868 573 1958; x_wconf 69' lang='lat' dir='ltr'>depraedatoribus</span> <span class='ocrx_word' id='word_1_106' title='bbox 591 1885 623 1935; x_wconf 91' lang='lat' dir='ltr'>et</span> <span class='ocrx_word' id='word_1_107' title='bbox 640 1868 801 1958; x_wconf 86' lang='lat' dir='ltr'>corruptis</span> <span class='ocrx_word' id='word_1_108' title='bbox 814 1867 1005 1940; x_wconf 86' lang='lat' dir='ltr'>hominihus</span> <span class='ocrx_word' id='word_1_109' title='bbox 1020 1889 1101 1931; x_wconf 82' lang='lat' dir='ltr'>oon-</span> 
     </span>
     <span class='ocr_line' id='line_1_18' title="bbox 89 1973 1150 2073; baseline -0.001 -28"><span class='ocrx_word' id='word_1_110' title='bbox 89 1973 184 2070; x_wconf 89' lang='lat' dir='ltr'>coqui</span> <span class='ocrx_word' id='word_1_111' title='bbox 205 1975 345 2072; x_wconf 68' lang='lat' dir='ltr'>possintJ</span> <span class='ocrx_word' id='word_1_112' title='bbox 358 1983 472 2048; x_wconf 76' lang='lat' dir='ltr'>Hodie</span> <span class='ocrx_word' id='word_1_113' title='bbox 493 1977 638 2072; x_wconf 85' lang='lat' dir='ltr'>quoque,</span> <span class='ocrx_word' id='word_1_114' title='bbox 653 1985 699 2058; x_wconf 84' lang='lat' dir='ltr'>nil</span> <span class='ocrx_word' id='word_1_115' title='bbox 722 1983 784 2048; x_wconf 86' lang='lat' dir='ltr'>nisi</span> <span class='ocrx_word' id='word_1_116' title='bbox 808 1990 961 2073; x_wconf 85' lang='lat' dir='ltr'>magnum</span> <span class='ocrx_word' id='word_1_117' title='bbox 980 2003 1101 2047; x_wconf 85' lang='lat' dir='ltr'>nomen</span> <span class='ocrx_word' id='word_1_118' title='bbox 1146 2020 1150 2035; x_wconf 78' lang='lat'>·</span> 
     </span>
     <span class='ocr_line' id='line_1_19' title="bbox 87 2092 1101 2188; baseline 0 -28"><span class='ocrx_word' id='word_1_119' title='bbox 87 2097 253 2162; x_wconf 83' lang='lat' dir='ltr'>luvenalis</span> <span class='ocrx_word' id='word_1_120' title='bbox 279 2097 470 2184; x_wconf 81' lang='lat' dir='ltr'>jamdudum</span> <span class='ocrx_word' id='word_1_121' title='bbox 498 2101 615 2162; x_wconf 74' lang='lat' dir='ltr'>umbra</span> <span class='ocrx_word' id='word_1_122' title='bbox 643 2100 755 2163; x_wconf 86' lang='lat' dir='ltr'>mortis</span> <span class='ocrx_word' id='word_1_123' title='bbox 782 2092 952 2188; x_wconf 83' lang='lat' dir='ltr'>oppressi,</span> <span class='ocrx_word' id='word_1_124' title='bbox 981 2097 1039 2163; x_wconf 90' lang='lat' dir='ltr'>sed</span> <span class='ocrx_word' id='word_1_125' title='bbox 1066 2098 1101 2160; x_wconf 89' lang='lat' dir='ltr'>in</span> 
     </span>
     <span class='ocr_line' id='line_1_20' title="bbox 84 2205 1102 2300; baseline 0.003 -26"><span class='ocrx_word' id='word_1_126' title='bbox 84 2211 208 2275; x_wconf 73' lang='lat' dir='ltr'>&#39;animis</span> <span class='ocrx_word' id='word_1_127' title='bbox 225 2211 407 2298; x_wconf 80' lang='lat' dir='ltr'>proborum</span> <span class='ocrx_word' id='word_1_128' title='bbox 425 2205 569 2276; x_wconf 76' lang='lat' dir='ltr'>uirorum</span> <span class='ocrx_word' id='word_1_129' title='bbox 593 2233 717 2300; x_wconf 87' lang='lat' dir='ltr'>semper</span> <span class='ocrx_word' id='word_1_130' title='bbox 738 2214 899 2293; x_wconf 70' lang='lat' dir='ltr'>mansum,</span> <span class='ocrx_word' id='word_1_131' title='bbox 915 2235 966 2278; x_wconf 86' lang='lat' dir='ltr'>eas</span> <span class='ocrx_word' id='word_1_132' title='bbox 988 2213 1102 2280; x_wconf 86' lang='lat' dir='ltr'>tolera-</span> 
     </span>
     <span class='ocr_line' id='line_1_21' title="bbox 85 2324 300 2392; baseline -0.005 -1"><span class='ocrx_word' id='word_1_133' title='bbox 85 2327 169 2391; x_wconf 86' lang='lat' dir='ltr'>biles</span> <span class='ocrx_word' id='word_1_134' title='bbox 189 2324 300 2392; x_wconf 77' lang='lat' dir='ltr'>efficit.</span> 
     </span>
    </p>

    <p class='ocr_par' dir='ltr' id='par_1_9' title="bbox 86 2427 1101 2993">
     <span class='ocr_line' id='line_1_22' title="bbox 128 2427 1101 2532; baseline 0.004 -26"><span class='ocrx_word' id='word_1_135' title='bbox 128 2427 322 2506; x_wconf 79' lang='lat' dir='ltr'>Domitiano</span> <span class='ocrx_word' id='word_1_136' title='bbox 339 2430 553 2532; x_wconf 85' lang='lat' dir='ltr'>interempto,</span> <span class='ocrx_word' id='word_1_137' title='bbox 569 2459 602 2507; x_wconf 87' lang='lat' dir='ltr'>et</span> <span class='ocrx_word' id='word_1_138' title='bbox 618 2443 719 2532; x_wconf 75' lang='lat' dir='ltr'>impp·</span> <span class='ocrx_word' id='word_1_139' title='bbox 742 2436 865 2524; x_wconf 81' lang='lat' dir='ltr'>Nerva,</span> <span class='ocrx_word' id='word_1_140' title='bbox 883 2459 916 2508; x_wconf 88' lang='lat' dir='ltr'>et</span> <span class='ocrx_word' id='word_1_141' title='bbox 936 2457 1010 2532; x_wconf 84' lang='lat' dir='ltr'>post</span> <span class='ocrx_word' id='word_1_142' title='bbox 1026 2465 1101 2510; x_wconf 85' lang='lat' dir='ltr'>eum</span> 
     </span>
     <span class='ocr_line' id='line_1_23' title="bbox 89 2550 1101 2646; baseline 0.004 -26"><span class='ocrx_word' id='word_1_143' title='bbox 89 2555 248 2644; x_wconf 79' lang='lat' dir='ltr'>Trajano&#39;,</span> <span class='ocrx_word' id='word_1_144' title='bbox 263 2557 372 2624; x_wconf 83' lang='lat' dir='ltr'>satiras</span> <span class='ocrx_word' id='word_1_145' title='bbox 385 2559 553 2646; x_wconf 84' lang='lat' dir='ltr'>plerasque</span> <span class='ocrx_word' id='word_1_146' title='bbox 570 2579 642 2624; x_wconf 91' lang='lat' dir='ltr'>suas</span> <span class='ocrx_word' id='word_1_147' title='bbox 659 2550 871 2646; x_wconf 79' lang='lat' dir='ltr'>conscripsit:</span> <span class='ocrx_word' id='word_1_148' title='bbox 888 2557 945 2622; x_wconf 83' lang='lat' dir='ltr'>sod</span> <span class='ocrx_word' id='word_1_149' title='bbox 958 2579 1010 2624; x_wconf 90' lang='lat' dir='ltr'>eas</span> <span class='ocrx_word' id='word_1_150' title='bbox 1023 2575 1101 2624; x_wconf 89' lang='lat' dir='ltr'>tunc</span> 
     </span>
     <span class='ocr_line' id='line_1_24' title="bbox 86 2661 1100 2762; baseline 0.004 -28"><span class='ocrx_word' id='word_1_151' title='bbox 86 2672 215 2737; x_wconf 79' lang='lat' dir='ltr'>&#39;videtur</span> <span class='ocrx_word' id='word_1_152' title='bbox 233 2661 431 2762; x_wconf 85' lang='lat' dir='ltr'>paucissimis</span> <span class='ocrx_word' id='word_1_153' title='bbox 453 2674 660 2738; x_wconf 77' lang='lat' dir='ltr'>familiarium</span> <span class='ocrx_word' id='word_1_154' title='bbox 678 2666 811 2738; x_wconf 81' lang='lat' dir='ltr'>suorum</span> <span class='ocrx_word' id='word_1_155' title='bbox 829 2675 975 2740; x_wconf 68' lang='lat' dir='ltr'>recitasse</span> <span class='ocrx_word' id='word_1_156' title='bbox 993 2698 1000 2738; x_wconf 94' lang='lat'><strong>:</strong></span> <span class='ocrx_word' id='word_1_157' title='bbox 1024 2697 1100 2739; x_wconf 85' lang='lat' dir='ltr'>nam</span> 
     </span>
     <span class='ocr_line' id='line_1_25' title="bbox 92 2784 1101 2881; baseline 0.002 -29"><span class='ocrx_word' id='word_1_158' title='bbox 92 2784 245 2852; x_wconf 81' lang='lat' dir='ltr'>Martialis</span> <span class='ocrx_word' id='word_1_159' title='bbox 251 2807 365 2876; x_wconf 58' lang='lat' dir='ltr'>,wem</span> <span class='ocrx_word' id='word_1_160' title='bbox 375 2805 485 2854; x_wconf 87' lang='lat' dir='ltr'>nostro</span> <span class='ocrx_word' id='word_1_161' title='bbox 493 2789 1101 2881; x_wconf 71' lang='lat' dir='ltr'>poetaeamicumluisseiutelligiturox</span> 
     </span>
     <span class='ocr_line' id='line_1_26' title="bbox 92 2895 1099 2993; baseline 0.006 -29"><span class='ocrx_word' id='word_1_162' title='bbox 92 2901 209 2989; x_wconf 78' lang='lat' dir='ltr'>aliquot</span> <span class='ocrx_word' id='word_1_163' title='bbox 216 2895 511 2992; x_wconf 81' lang='lat' dir='ltr'>epigrammatrbus</span> <span class='ocrx_word' id='word_1_164' title='bbox 516 2927 635 2993; x_wconf 83' lang='lat' dir='ltr'>quaque</span> <span class='ocrx_word' id='word_1_165' title='bbox 642 2899 913 2990; x_wconf 63' lang='lat' dir='ltr'>decessuevrta</span> <span class='ocrx_word' id='word_1_166' title='bbox 887 2927 970 2969; x_wconf 79' lang='lat' dir='ltr'>circa</span> <span class='ocrx_word' id='word_1_167' title='bbox 976 2926 1099 2970; x_wconf 82' lang='lat' dir='ltr'>annum</span> 
     </span>
    </p>
   </div>
   <div class='ocr_carea' id='block_1_8' title="bbox 92 3009 1195 3130">
    <p class='ocr_par' dir='ltr' id='par_1_10' title="bbox 92 3009 1195 3130">
     <span class='ocr_line' id='line_1_27' title="bbox 92 3009 1195 3130; baseline 0.002 -49"><span class='ocrx_word' id='word_1_168' title='bbox 92 3035 240 3103; x_wconf 63' lang='lat' dir='ltr'>martum</span> <span class='ocrx_word' id='word_1_169' title='bbox 258 3020 386 3107; x_wconf 79' lang='lat' dir='ltr'>imperil</span> <span class='ocrx_word' id='word_1_170' title='bbox 376 3020 551 3130; x_wconf 80' lang='lat' dir='ltr'>Trajani,</span> <span class='ocrx_word' id='word_1_171' title='bbox 570 3020 745 3092; x_wconf 86' lang='lat' dir='ltr'>Iuvenalis</span> <span class='ocrx_word' id='word_1_172' title='bbox 750 3009 898 3084; x_wconf 87' lang='lat' dir='ltr'>meminit</span> <span class='ocrx_word' id='word_1_173' title='bbox 918 3019 997 3106; x_wconf 71' lang='lat' dir='ltr'>(1th</span> <span class='ocrx_word' id='word_1_174' title='bbox 1016 3019 1099 3101; x_wconf 82' lang='lat' dir='ltr'>VII,</span> <span class='ocrx_word' id='word_1_175' title='bbox 1192 3018 1195 3025; x_wconf 78' lang='grc'><strong>’</strong></span> 
     </span>
    </p>
   </div>
   <div class='ocr_carea' id='block_1_9' title="bbox 86 3127 1099 3224">
    <p class='ocr_par' dir='ltr' id='par_1_11' title="bbox 86 3127 1099 3224">
     <span class='ocr_line' id='line_1_28' title="bbox 86 3127 1099 3224; baseline -0.002 -23.986"><span class='ocrx_word' id='word_1_176' title='bbox 86 3132 171 3221; x_wconf 80' lang='lat' dir='ltr'>&#39;epig</span> <span class='ocrx_word' id='word_1_177' title='bbox 190 3155 256 3220; x_wconf 90' lang='lat'>91,</span> <span class='ocrx_word' id='word_1_178' title='bbox 275 3149 308 3196; x_wconf 88' lang='lat' dir='ltr'>et</span> <span class='ocrx_word' id='word_1_179' title='bbox 323 3134 390 3200; x_wconf 86' lang='lat' dir='ltr'>XII</span> <span class='ocrx_word' id='word_1_180' title='bbox 401 3135 512 3224; x_wconf 88' lang='lat' dir='ltr'>,epig.</span> <span class='ocrx_word' id='word_1_181' title='bbox 533 3127 620 3223; x_wconf 87' lang='lat'>88),</span> <span class='ocrx_word' id='word_1_182' title='bbox 639 3151 677 3198; x_wconf 93' lang='lat' dir='ltr'>ut</span> <span class='ocrx_word' id='word_1_183' title='bbox 692 3128 840 3200; x_wconf 82' lang='lat' dir='ltr'>rhetoris</span> <span class='ocrx_word' id='word_1_184' title='bbox 846 3133 907 3199; x_wconf 89' lang='lat' dir='ltr'>sibi</span> <span class='ocrx_word' id='word_1_185' title='bbox 924 3135 1099 3216; x_wconf 87' lang='lat' dir='ltr'>carissimi,</span> 
     </span>
    </p>
   </div>
   <div class='ocr_carea' id='block_1_10' title="bbox 94 3233 479 3338">
    <p class='ocr_par' dir='ltr' id='par_1_12' title="bbox 94 3233 479 3338">
     <span class='ocr_line' id='line_1_29' title="bbox 94 3233 479 3338; baseline 0.011 -29"><span class='ocrx_word' id='word_1_186' title='bbox 94 3267 156 3311; x_wconf 82' lang='lat' dir='ltr'>110ss</span> <span class='ocrx_word' id='word_1_187' title='bbox 173 3265 211 3312; x_wconf 89' lang='lat' dir='ltr'>ut</span> <span class='ocrx_word' id='word_1_188' title='bbox 227 3233 333 3338; x_wconf 58' lang='lat' dir='ltr'>Piliitoe</span> <span class='ocrx_word' id='word_1_189' title='bbox 350 3236 479 3315; x_wconf 72' lang='lat' dir='ltr'>Sfltll&#39;lCI.</span> 
     </span>
    </p>
   </div>
   <div class='ocr_carea' id='block_1_11' title="bbox 93 3313 1214 3684">
    <p class='ocr_par' dir='ltr' id='par_1_13' title="bbox 93 3313 1214 3684">
     <span class='ocr_line' id='line_1_30' title="bbox 133 3313 1214 3446; baseline 0.005 -22"><span class='ocrx_word' id='word_1_190' title='bbox 133 3361 196 3426; x_wconf 83' lang='lat' dir='ltr'>An.</span> <span class='ocrx_word' id='word_1_191' title='bbox 223 3363 268 3425; x_wconf 91' lang='lat' dir='ltr'><em>V</em></span> <span class='ocrx_word' id='word_1_192' title='bbox 295 3361 328 3426; x_wconf 74' lang='lat' dir='ltr'>C·</span> <span class='ocrx_word' id='word_1_193' title='bbox 350 3353 566 3446; x_wconf 82' lang='lat' dir='ltr'>DCCCLXX,</span> <span class='ocrx_word' id='word_1_194' title='bbox 584 3359 704 3430; x_wconf 87' lang='lat' dir='ltr'>Christi</span> <span class='ocrx_word' id='word_1_195' title='bbox 727 3359 867 3446; x_wconf 87' lang='lat' dir='ltr'>CXVII,</span> <span class='ocrx_word' id='word_1_196' title='bbox 884 3382 916 3430; x_wconf 87' lang='lat' dir='ltr'>et</span> <span class='ocrx_word' id='word_1_197' title='bbox 936 3343 1101 3429; x_wconf 78' lang='lat' dir='ltr'>Iuvenalis</span> <span class='ocrx_word' id='word_1_198' title='bbox 1209 3313 1214 3324; x_wconf 64' lang='lat'><em>&#39;</em></span> 
     </span>
     <span class='ocr_line' id='line_1_31' title="bbox 93 3461 1101 3569; baseline 0.007 -32"><span class='ocrx_word' id='word_1_199' title='bbox 93 3495 190 3564; x_wconf 89' lang='lat' dir='ltr'>prope</span> <span class='ocrx_word' id='word_1_200' title='bbox 202 3461 376 3558; x_wconf 83' lang='lat' dir='ltr'>LXXVII,</span> <span class='ocrx_word' id='word_1_201' title='bbox 390 3480 426 3543; x_wconf 92' lang='grc' dir='ltr'>Ρ.</span> <span class='ocrx_word' id='word_1_202' title='bbox 438 3480 549 3544; x_wconf 88' lang='lat' dir='ltr'>Aelius</span> <span class='ocrx_word' id='word_1_203' title='bbox 560 3479 742 3546; x_wconf 75' lang='lat' dir='ltr'>Hadrianus</span> <span class='ocrx_word' id='word_1_204' title='bbox 756 3473 934 3569; x_wconf 85' lang='lat' dir='ltr'>Imperator</span> <span class='ocrx_word' id='word_1_205' title='bbox 938 3474 1101 3544; x_wconf 76' lang='lat' dir='ltr'>salutatur</span> 
     </span>
     <span class='ocr_line' id='line_1_32' title="bbox 95 3585 1166 3684; baseline 0.008 -35"><span class='ocrx_word' id='word_1_206' title='bbox 95 3603 123 3650; x_wconf 91' lang='lat' dir='ltr'>et</span> <span class='ocrx_word' id='word_1_207' title='bbox 136 3590 316 3680; x_wconf 77' lang='lat' dir='ltr'>Augustus,</span> <span class='ocrx_word' id='word_1_208' title='bbox 330 3591 370 3655; x_wconf 90' lang='lat' dir='ltr'>ad</span> <span class='ocrx_word' id='word_1_209' title='bbox 382 3617 478 3680; x_wconf 88' lang='lat' dir='ltr'>quem</span> <span class='ocrx_word' id='word_1_210' title='bbox 487 3585 647 3684; x_wconf 63' lang='lat' dir='ltr'>&#39;inscripta</span> <span class='ocrx_word' id='word_1_211' title='bbox 660 3595 745 3660; x_wconf 84' lang='lat' dir='ltr'>forte</span> <span class='ocrx_word' id='word_1_212' title='bbox 756 3596 819 3660; x_wconf 79' lang='lat' dir='ltr'>fuit</span> <span class='ocrx_word' id='word_1_213' title='bbox 831 3595 925 3660; x_wconf 87' lang='lat' dir='ltr'>satira</span> <span class='ocrx_word' id='word_1_214' title='bbox 938 3595 954 3658; x_wconf 84' lang='grc' dir='ltr'>Ι</span> <span class='ocrx_word' id='word_1_215' title='bbox 957 3595 1101 3676; x_wconf 85' lang='lat' dir='ltr'>uvenalis</span> <span class='ocrx_word' id='word_1_216' title='bbox 1162 3669 1166 3682; x_wconf 37' lang='grc' dir='ltr'><em>Ι</em></span> 
     </span>
    </p>
   </div>
   <div class='ocr_carea' id='block_1_12' title="bbox 94 3693 1101 4024">
    <p class='ocr_par' dir='ltr' id='par_1_14' title="bbox 94 3693 1101 4024">
     <span class='ocr_line' id='line_1_33' title="bbox 95 3693 1101 3800; baseline 0.008 -36"><span class='ocrx_word' id='word_1_217' title='bbox 95 3706 243 3792; x_wconf 85' lang='lat' dir='ltr'>septima:</span> <span class='ocrx_word' id='word_1_218' title='bbox 260 3699 335 3772; x_wconf 81' lang='lat' dir='ltr'>nani</span> <span class='ocrx_word' id='word_1_219' title='bbox 354 3723 388 3772; x_wconf 79' lang='lat' dir='ltr'>et·</span> <span class='ocrx_word' id='word_1_220' title='bbox 401 3707 457 3773; x_wconf 90' lang='lat' dir='ltr'>ille</span> <span class='ocrx_word' id='word_1_221' title='bbox 471 3711 618 3800; x_wconf 86' lang='lat' dir='ltr'>princeps</span> <span class='ocrx_word' id='word_1_222' title='bbox 639 3727 711 3776; x_wconf 84' lang='lat' dir='ltr'>erat·</span> <span class='ocrx_word' id='word_1_223' title='bbox 727 3705 881 3775; x_wconf 85' lang='lat' dir='ltr'>omuibus</span> <span class='ocrx_word' id='word_1_224' title='bbox 897 3693 1011 3775; x_wconf 82' lang='lat' dir='ltr'>litteris</span> <span class='ocrx_word' id='word_1_225' title='bbox 1028 3733 1101 3798; x_wconf 89' lang='lat' dir='ltr'>per·</span> 
     </span>
     <span class='ocr_line' id='line_1_34' title="bbox 94 3813 1101 3910; baseline 0.004 -29"><span class='ocrx_word' id='word_1_226' title='bbox 94 3813 1101 3910; x_wconf 75' lang='lat' dir='ltr'>politus,doctorumquehominumamantissimus5sedvarius‚</span> 
     </span>
     <span class='ocr_line' id='line_1_35' title="bbox 96 3928 1101 4024; baseline 0.006 -31"><span class='ocrx_word' id='word_1_227' title='bbox 96 3928 185 4017; x_wconf 86' lang='lat' dir='ltr'>levis,</span> <span class='ocrx_word' id='word_1_228' title='bbox 198 3935 400 4024; x_wconf 83' lang='lat' dir='ltr'>inconstans,</span> <span class='ocrx_word' id='word_1_229' title='bbox 413 3953 445 4004; x_wconf 90' lang='lat' dir='ltr'>et</span> <span class='ocrx_word' id='word_1_230' title='bbox 454 3938 698 4009; x_wconf 81' lang='lat' dir='ltr'>intervirtutem</span> <span class='ocrx_word' id='word_1_231' title='bbox 710 3963 747 4005; x_wconf 88' lang='lat' dir='ltr'>ac</span> <span class='ocrx_word' id='word_1_232' title='bbox 756 3939 873 4014; x_wconf 86' lang='lat' dir='ltr'>vitium</span> <span class='ocrx_word' id='word_1_233' title='bbox 884 3940 946 4006; x_wconf 89' lang='lat' dir='ltr'>iter</span> <span class='ocrx_word' id='word_1_234' title='bbox 955 3934 1101 4002; x_wconf 85' lang='lat' dir='ltr'>medium</span> 
     </span>
    </p>
   </div>
   <div class='ocr_carea' id='block_1_13' title="bbox 0 0 1414 4654">
    <p class='ocr_par' dir='ltr' id='par_1_15' title="bbox 0 0 1414 4654">
     <span class='ocr_line' id='line_1_36' title="bbox 0 0 1414 4654; baseline 0 0"><span class='ocrx_word' id='word_1_235' title='bbox 0 0 1414 4654; x_wconf 95' lang='lat' dir='ltr'> </span> 
     </span>
    </p>
   </div>
  </div>
 </body>
</html>
