2922 4672
424 395 799 462 COMMENTATI
823 395 973 462 SUNT.
1134 387 1195 456 103

188 503 247 574 alsi
259 515 358 595 fingat.
372 519 439 577 Non
452 519 566 598 primus
579 518 719 598 quidem,
733 537 786 580 uec
806 519 886 578 solus
906 518 960 578 luc
974 529 1036 580 arte
1050 533 1121 576 usare
1135 526 1200 586 est·r

188 611 241 670 sed
259 612 410 672 citationes
433 632 509 692 saepe
529 616 633 693 sparsit
653 615 691 674 ad
713 614 925 694 prodigentiam
948 632 1069 692 usque:
1094 607 1197 688 quod»

188 725 249 766 nou
261 707 405 779 diffiteor,
415 709 520 770 vitium
532 722 594 782 est,
608 710 835 770 condonendum
848 721 945 770 mnan
958 710 989 770 iu
1002 708 1120 770 homine
1133 725 1198 764 erun

188 801 341 877 ditissimo,
351 806 628 886 qui‚inquibusque
637 808 764 866 auctoris
772 805 999 886 verbIsaliquid
1008 823 1121 882 emper
1128 803 1200 864 eurr

188 898 252 956 aliis
277 901 487 960 conferendum
510 902 608 973 videt,
626 916 677 962 aut
697 903 802 964 vidisse
827 913 921 982 punt.
947 903 1042 966 Prius
1066 897 1199 978 Grungaei

189 997 389 1056 commentarii
402 997 493 1058 editio
504 1011 549 1060 est
563 999 632 1058 anni
648 1001 733 1069 1614.

635 1157 792 1226 XVIII.

403 1315 653 1375 ursocius
681 1317 967 1392 arcuarius.

226 1474 256 1530 Is
264 1470 425 1532 editionem
433 1474 581 1534 quenalis
592 1473 795 1534 nitidissimam
803 1475 885 1536 dedit
897 1486 926 1536 et
936 1473 1197 1542 tonantissimum,

191 1586 256 1644 quas
264 1569 374 1646 prufflit
384 1591 419 1629 ex
429 1569 544 1630 officina
553 1571 628 1630 Rob.
639 1571 777 1650 Stephani
786 1575 846 1644 ΙΙΙ,
855 1590 932 1634 anuo
942 1571 1032 1641 1616,
1043 1568 1080 1628 ad
1089 1567 1199 1628 calcem

190 1666 273 1744 cujus
286 1680 355 1726 sunt
368 1681 465 1740 notar,
480 1689 579 1748 paucae
597 1668 735 1748 quidem,
749 1670 802 1730 sed
818 1671 937 1750 optime
956 1681 986 1730 et
1003 1667 1199 1728 enrditiouem

192 1775 422 1822 consummatam
446 1765 600 1844 sapientes.
626 1767 685 1824 Has
709 1767 860 1846 excipiunt
883 1778 961 1826 notae
984 1765 1047 1824 aliae
1070 1763 1201 1838 repetitoe

190 1859 332 1930 Ιεεᾰοηίς,
344 1860 496 1938 pauciores
504 1873 534 1920 et
544 1861 705 1935 breviores,
719 1881 786 1944 qua
793 1862 929 1922 Prisciani
939 1906 948 1934 ‚
959 1861 1065 1929 Servii,
1076 1857 1200 1918 Aesonis

189 1965 219 2012 et
229 1954 370 2014 similium
381 1958 564 2018 equvenule
578 1959 746 2030 citationes,
758 1980 812 2020 nec
825 1979 885 2020 uon
893 1959 1006 2038 aliquot
1014 1959 1097 2016 MSS.
1109 1954 1195 2014 codd.

190 2051 330 2110 nnanns
347 2053 487 2112 lectiones
503 2067 724 2133 repraesentent.
747 2055 933 2116 consulenda
951 2054 1041 2134 igitur
1057 2051 1199 2130 imprimis

189 2145 280 2204 editio
291 2148 418 2228 nigenii,
426 2164 455 2208 et
464 2163 585 2230 propter
594 2164 706 2211 textum
715 2151 994 2221 emendatissimum,
1001 2161 1035 2206 et
1041 2145 1198 2225 aliquando

190 2254 312 2320 propter
324 2257 415 2304 notas.

639 2327 747 2390 XIX.

241 2570 245 2577 Ι
359 2485 645 2546 CORNELIUS
678 2482 1029 2543 SCHIIEVELIUS.

130 2703 132 2714 7
227 2642 325 2700 Batavi
336 2643 510 2724 typographi
520 2643 627 2704 mulo
639 2647 724 2702 XVII
734 2644 889 2722 scriptores
899 2642 959 2700 sere
971 2659 1072 2700 omnes
1081 2639 1199 2698 Latinos

189 2749 220 2798 et
239 2743 409 2800 Graecorum
428 2741 795 2824 nonnullor‘epcudendos
814 2751 1005 2810 curaverunt3
1020 2748 1124 2816 atque,
1139 2755 1200 2816 quo

190 2834 368 2893 fructuosior
375 2849 451 2894 esset
460 2857 563 2896 eorum
573 2837 674 2910 labor,
686 2849 770 2896 noas
782 2857 818 2894 ex
828 2835 975 2894 veteribus
985 2832 1200 2892 commentariis

189 2929 356 3010 desumptas
364 2933 443 3012 larga
450 2953 539 2994 manu
547 2945 752 3014 congesserunt
757 2955 765 3006 3
775 2932 828 2991 sed
834 2932 1008 3012 plenamque
1015 2931 1075 2989 sine
1083 2927 1201 2988 delectu

188 3039 218 3085 et
227 3027 359 3106 judicio:
375 3049 451 3110 crepe
466 3031 519 3089 ubi
532 3032 568 3090 iis
581 3051 657 3112 opus
670 3051 730 3091 non
741 3043 820 3101 erat,
832 3029 946 3088 omissis
960 3027 1107 3088 interdum
1120 3023 1199 3084 diffi-

189 3121 340 3182 cilioribus
360 3125 450 3184 locis:
465 3126 551 3199 inde,
567 3127 648 3208 quod
667 3129 828 3208 plurimum
846 3124 1077 3204 interpretationi
1094 3134 1198 3196 nocet,

189 3219 268 3280 idem
284 3221 368 3282 locus
384 3223 430 3282 bis
449 3236 527 3284 terve
546 3226 725 3306 explicatus,
742 3221 835 3284 varios
853 3242 954 3309 senstp
973 3234 1002 3280 et
1020 3219 1199 3300 quandoque

189 3317 264 3376 inter
277 3338 307 3376 se
323 3333 484 3400 pugnantes
497 3322 631 3394 exhibea
642 3343 696 3382 nec
711 3322 757 3380 sui
770 3320 903 3402 judicant
916 3339 978 3378 esse
993 3318 1119 3376 editores
1132 3317 1201 3374 istas

188 3415 263 3474 adeo
280 3417 406 3476 diversas
427 3419 578 3496 opiniones
596 3421 636 3480 ita
657 3435 822 3496 exponere,
840 3431 874 3475 ut
893 3417 985 3476 lector
1002 3414 1075 3494 quid
1093 3415 1130 3474 sit
1147 3412 1201 3472 eli·

189 3512 319 3590 gendum
339 3527 390 3573 ant
408 3516 600 3594 rejiciendum
619 3515 782 3595 perspicere
802 3513 909 3593 possit:
925 3532 986 3592 quo
1004 3513 1056 3583 fit,
1070 3521 1104 3568 ut
1117 3529 1200 3568 mens

189 3605 248 3666 huc
269 3621 299 3668 et
319 3609 392 3670 illuc
409 3612 501 3676 veluti
522 3613 672 3671 contrariis
689 3614 800 3669 vetsata
819 3610 912 3669 ventis
932 3620 1053 3688 vagetur
1071 3608 1198 3678 incerta,

189 3724 251 3784 quo
269 3717 425 3790 tempestas
445 3728 508 3768 eam
526 3709 615 3780 ferat,
629 3717 717 3786 atque
734 3706 880 3788 appellere
896 3719 989 3786 cogat.
1007 3708 1042 3764 In
1060 3716 1199 3764 contextu

188 3814 287 3862 autem
298 3803 481 3867 emendando
495 3804 575 3864 haud
586 3805 681 3864 mults
694 3805 837 3865 feliciores
848 3805 944 3878 fuere3
955 3802 1006 3862 sed
1019 3802 1200 3862 recensiones

190 3899 387 3980 prae’cedentes
407 3901 531 3960 insecuti
541 3943 556 3972 ‚.
572 3901 703 3960 admissis
724 3902 837 3980 aliquot
859 3899 1051 3980 conjectaneis
1070 3899 1200 3956 virorum

190 3995 727 4082 doctornm‚yarietatemlectionisvix
736 3999 868 4078 quinque
877 4017 961 4058 sexve
968 3996 1041 4056 locis
1049 3995 1199 4066 adnotant,
