2924 4662
284 376 375 458 250,
464 455 466 461 y
513 329 661 440 vari.
689 317 1059 441 conuuurlan

302 535 304 542 .
323 503 359 558 V.
379 501 442 574 178.
460 500 662 571 orchestram]
676 499 848 570 Orchestra,
862 499 989 576 spatium
1003 498 1035 556 in
1047 515 1107 576 quo
1123 491 1206 554 saliat
1218 513 1293 576 pan-

282 597 424 658 tomimus
437 638 445 664 ‚
459 595 506 652 tel
518 595 570 672 qai
584 596 615 654 iu
628 595 771 654 orchestra
782 595 930 678 procedit,
942 607 993 652 aar
1005 603 1160 672 spectatur.

321 694 358 750 V.
380 693 443 750 188.
464 695 667 764 senmurum]
685 691 845 750 Dulcium*
859 689 989 761 nalum,
1006 685 1089 769 quoti
1108 686 1291 747 stomachum

281 789 461 868 indigestum
474 801 599 868 prestat.
977 837 980 844 .

323 887 358 941 V.
372 884 436 958 189.
452 879 559 952 Calai]
573 886 649 940 Bene
659 883 769 940 vestitis
781 901 789 937 τ
801 881 911 960 quippe
924 881 998 938 festo
1011 881 1058 938 dic
1071 899 1125 937 suo
1138 879 1226 936 serris
1237 876 1293 934 du·

283 997 353 1038 uare
366 979 515 1056 cogimur,
530 989 564 1036 ut
577 978 766 1060 admittamur
777 977 815 1035 ad
830 977 1032 1036 sulcationem
1045 977 1242 1034 damianum.

324 1079 362 1132 V.
378 1093 442 1150 192.
456 1076 656 1150 Simplicibus.]
669 1077 736 1132 Non
749 1075 865 1132 ornatu.

324 1171 401 1236 Ibid.
414 1173 507 1228 Proui
519 1172 628 1228 Tiburis
641 1177 727 1242 arra]
742 1171 777 1228 ln
791 1169 930 1248 praecipiti
942 1169 1035 1248 posita
1046 1210 1054 1239 ,
1066 1179 1101 1226 ut
1114 1167 1272 1226 Horatius:

462 1326 470 1343 .
489 1327 497 1342 .
516 1325 525 1344 .
544 1325 551 1342 .
570 1295 710 1359 clivumque
722 1295 847 1358 sopinum.

284 1425 287 1432 ·
323 1405 360 1464 V.
384 1405 449 1482 193.
473 1408 567 1462 Tenui
581 1405 712 1477 tibicine]
732 1405 940 1476 Tibicinatam,
956 1415 1094 1482 tanquam
1114 1401 1249 1472 tibicina,
1262 1399 1294 1458 id

176 1531 177 1538 ¹
287 1515 347 1572 est,
359 1503 476 1560 materia
489 1497 600 1580 gracili.

325 1601 360 1655 V.
379 1600 442 1674 196.
456 1601 590 1655 Dormire
600 1601 706 1667 ruina]
720 1599 874 1675 Erepturas
885 1595 1051 1675 (rupturas)
1060 1595 1203 1674 parietum
1214 1592 1294 1652 calca

285 1693 401 1754 modica
415 1690 614 1771 perfundunt,
627 1703 656 1751 et
672 1691 833 1770 inquilinos
845 1693 951 1772 jubent
972 1713 1104 1764 manere,
1118 1705 1256 1770 tanquam
1270 1689 1295 1748 si

284 1802 492 1848 restaurassent
504 1787 628 1875 rusam.

324 1890 359 1941 V.
378 1905 441 1962 199.
461 1886 604 1942 Tabulata
615 1897 632 1941 t.
642 1883 709 1955 jam
723 1891 783 1956 tea]
798 1883 952 1964 Superiora
962 1896 1038 1944 lecta
1047 1865 1212 1962 et'trisiega.

323 1979 400 2040 lbid.
418 1983 583 2056 Ucalegon]
598 1983 641 2037 Ex
654 1980 796 2058 Virgilio:

462 2139 469 2152 .
490 2139 496 2152 .
517 2140 523 2152 .
545 2139 551 2151 .
570 2105 626 2153 Jam
635 2105 763 2169 proximus
771 2105 839 2154 ardet

461 2185 595 2250 Ucalegon.

325 2298 361 2355 V.
376 2313 443 2355 aaa.
462 2297 604 2353 Gradr‘bus
618 2297 657 2352 ab
670 2299 753 2367 rium]
768 2299 795 2356 A
808 2294 902 2374 prima
917 2292 1000 2354 scala.

307 2411 311 2419 “
326 2405 361 2459 V.
377 2421 443 2459 aas.
462 2403 628 2472 Columba]
646 2401 720 2472 Quia
735 2421 822 2480 super
836 2415 927 2473 tecta,
940 2399 1117 2462 columbaria
1130 2399 1212 2460 flunt.

326 2509 362 2562 V.
372 2511 438 2572 aad.
450 2507 658 2561 Ornamentum
666 2507 770 2576 abaci]
779 2505 866 2577 Quod
873 2515 926 2564 n'os
933 2505 1295 2586 Delphicam‘dicimus(7).

326 2615 363 2668 V.
380 2611 446 2667 aab.
466 2611 568 2666 Canta.
585 2623 615 2666 et
626 2613 784 2683 recubans]
799 2613 1055 2684 Quemadmodum
1071 2613 1196 2673 salente
1214 2635 1294 2674 mar-

286 2705 417 2767 moribus
429 2705 524 2763 facere
533 2703 626 2784 sigilla
638 2705 751 2765 diversa
759 2721 768 2764 ε’
776 2710 918 2768 recubans
931 2711 1035 2768 anima
1046 2710 1295 2790 posterioreparte

286 2803 473 2872 recumbam,
483 2803 738 2881 Hippocentaurus
751 2805 877 2884 fingitur.

325 2904 360 2955 V.
373 2919 439 2971 2⁰7·
454 2899 493 2955 Et
504 2899 600 2956 diuina
613 2903 708 2976 opaci]
723 2901 844 2979 Opizcin
856 2901 899 2978 (8)
914 2902 1007 2959 Graeci
1018 2898 1119 2963 dicunt
1130 2903 1166 2960 de
1177 2903 1228 2974 iis,
1240 2901 1293 2984 qui

286 2995 418 3074 imperite
430 2995 602 3075 loquuntur.
616 2995 677 3055 ulii
690 2998 791 3075 opicos
804 2997 923 3068 dicunt,
938 3015 989 3055 eos
1003 3001 1054 3079 qui
1067 2999 1175 3058 foedam
1188 3019 1291 3060 vacem

285 3091 402 3151 habena

289 3201 293 3208 '
322 3191 359 3246 V.
378 3201 446 3246 aro.
463 3189 584 3246 Frustra
603 3195 772 3264 rogantem]
788 3193 849 3247 Aut
865 3191 926 3248 siae
946 3206 1047 3263 causa,
1062 3205 1113 3250 aut
1127 3200 1235 3270 patrem
1249 3192 1295 3272 (9)

284 3295 441 3364 patentem.
1269 3353 1271 3357 .

289 3415 292 3426 ·
323 3385 359 3438 V.
377 3383 443 3439 213.
456 3383 731 3457 Palatinarum]
745 3384 819 3440 Cum
830 3383 919 3462 nigris
930 3382 1058 3442 vestibus
1070 3383 1211 3463 lugentes.
1264 3367 1280 3440 ¹.

322 3482 359 3535 V.
374 3486 440 3545 πί..
457 3481 536 3536 Tunc
550 3480 663 3535 odimus
678 3482 792 3554 iguem]
808 3484 874 3538 Non
892 3482 1060 3540 moendium
1074 3469 1086 3514 ³
1100 3483 1166 3540 laris
1179 3481 1292 3553 nostri,

282 3584 335 3636 aut
344 3591 403 3654 prae
416 3574 544 3643 tristitia,
556 3587 607 3632 aut
618 3587 736 3652 propter
748 3595 862 3649 casum,
874 3597 928 3636 uec
942 3579 1041 3636 focum
1053 3579 1084 3637 iu
1094 3577 1183 3639 domo
1194 3593 1293 3639 nostra
1368 3587 1369 3590 ’

283 3672 345 3732 desi
360 3671 486 3750 patimur
497 3691 505 3741 3
521 3669 602 3748 quod
614 3683 643 3728 ct
656 3672 789 3750 lugentes
802 3673 953 3734 observare
968 3675 1071 3734 solent.

321 3771 358 3826 V.
374 3767 440 3826 216.
458 3766 593 3826 Candida
605 3771 710 3842 regua]
726 3770 842 3828 Statuas
855 3790 1038 3830 marmoreas.
1113 3789 1115 3796 ’

321 3865 358 3922 V.
374 3883 441 3938 217.
454 3865 535 3938 Eusr.
550 3866 747 3936 assotana]
762 3866 984 3926 Atheniensium
996 3869 1173 3941 celatorum.

322 3963 359 4022 V.
371 3963 439 4023 ari.
450 3965 523 4020 Haea
533 3964 730 4036 Asianorum]
739 3965 943 4044 superstitiose
953 3978 1070 4046 gentem
1080 3965 1251 4026 nominavit.
