2818 4654
272 357 316 408 ts
500 341 540 406 D.
563 341 713 408 JUNII
738 341 1030 409 JIIVENALIS

273 465 387 541 Nempe
410 474 439 522 et
463 476 565 542 quarta
587 457 720 526 similiter
741 485 778 526 eo
800 477 916 526 mortuo
939 463 1100 534 emanarit,
1118 474 1152 522 ut
1173 481 1209 522 ex
1230 461 1301 548 bis¹

234 577 238 584 ’
275 571 388 618 conant
402 560 474 636 (sat.
489 564 541 631 IV,
554 562 611 635 37,
628 562 704 639 38):

416 683 479 732 G‘um
490 683 542 748 jam
552 679 725 732 semianimum
737 685 855 736 laceraret
864 685 964 733 Flavius
976 683 1063 733 orbem

413 761 539 823 Ultimus,
550 773 576 810 st
590 763 661 812 oslvo
675 765 778 812 serviret
791 765 874 812 Rome
884 763 988 812 Neroni.

276 875 350 930 Rem
360 873 402 930 ibi
412 885 523 944 narrat,
536 893 602 951 quae
614 874 700 953 longe
714 888 800 946 ante„
813 887 847 934 ut
860 886 993 953 apparet,
1007 872 1166 944 acciderat,
1178 873 1287 957 Domi·

275 968 353 1028 timo
366 970 505 1056 nimirum
520 971 691 1050 imperante.
710 973 848 1030 Eamdem
863 972 978 1052 satiram
990 972 1029 1029 ita
1042 969 1162 1028 clausit:

416 1092 464 1144 Sed
477 1092 566 1158 periit,
577 1105 711 1159 postquam
725 1094 877 1144 cerdonibus
890 1111 941 1144 esse
955 1093 1081 1142 timendus
1099 1153 1103 1164 ι

414 1173 536 1237 Goepsrst

275 1282 358 1361 quod
375 1281 411 1341 de
427 1283 594 1342 Domitiano
615 1285 727 1344 dictum
748 1298 800 1344 est.
822 1287 866 1344 Ex
882 1283 928 1342 bis
950 1283 1085 1368 omnibus
1103 1279 1202 1360 colligi
1219 1261 1282 1342 nori

275 1379 417 1449 absurde,
431 1381 521 1440 immo
528 1382 675 1458 uerissime
684 1394 795 1461 potest,
805 1402 911 1462 corpus
920 1382 1086 1452 satirarum,
1099 1379 1183 1458 quale
1192 1376 1282 1438 bodie

277 1489 382 1546 exstat,
396 1477 450 1535 sub
464 1477 609 1536 Hadriano
625 1479 770 1558 frequenti
783 1478 927 1536 auditorio
940 1477 1093 1536 recitatum
1103 1496 1120 1533 a
1130 1479 1215 1554 poeta
1226 1495 1284 1554 pu-

274 1569 475 1652 blicatamque
492 1573 596 1645 fuisse,
612 1571 680 1633 cirm
700 1574 767 1632 satis
785 1575 887 1652 utique
907 1585 1037 1641 constet,
1049 1571 1238 1630 tredecimam
1253 1583 1283 1630 et

277 1667 420 1726 decimam
433 1670 580 1748 quintam,
595 1690 660 1747 quae
673 1667 834 1748 penultima
845 1681 902 1739 est,
916 1669 1000 1728 initio
1011 1665 1149 1726 Hadriani
1162 1667 1282 1746 scriptas
1329 1676 1338 1693 '

275 1784 357 1842 esse,
369 1765 405 1823 ad
418 1767 535 1826 tertium
548 1769 628 1846 regni
642 1767 704 1848 ejus
717 1786 834 1826 annum.
850 1770 926 1824 Tum
941 1768 971 1821 in
983 1766 1172 1842 suspicionem
1183 1765 1281 1832 vensi,

277 1863 365 1938 quasi
371 1865 632 1938 temporafigurate
641 1876 777 1934 notasset,
785 1874 905 1942 propter
913 1860 1139 1939 illaverba,quae
1148 1847 1287 1942 leguntur

278 1954 362 2014 satiri
371 1956 496 2040 'septimi
510 1957 557 2035 (v.
574 1959 650 2038 90):
1285 1937 1299 1964 ⁰

419 2082 494 2144 Quod
508 2098 563 2132 uon
574 2083 636 2132 dant
648 2099 778 2150 proceres,
789 2082 859 2134 dabit
870 2082 968 2133 histrio.

278 2189 405 2268 Singulae
420 2190 465 2250 hae
478 2211 564 2254 voees
582 2195 714 2254 Suetonii
734 2194 928 2273 ponderandae
950 2204 1033 2262 sunt,
1049 2193 1079 2247 in
1095 2191 1285 2264 suspicionem
1396 2273 1397 2280 ἵ

277 2290 376 2358 vena,
390 2300 419 2346 et
436 2291 656 2366 quasifigurute
670 2304 802 2366 tempores
822 2302 959 2346 notasset.
975 2285 1050 2346 Ciam
1070 2285 1148 2344 enim
1162 2297 1223 2344 tota
1236 2285 1286 2344 illa

277 2385 363 2442 satira
376 2405 422 2444 res
435 2386 612 2447 ethoraiues
630 2388 781 2446 anterioris
800 2385 939 2464 temporis
960 2403 1077 2462 sarpere
1092 2383 1243 2453 videatur,
1258 2395 1287 2441 et

277 2481 450 2540 nominatim
461 2483 594 2542 Paridem
607 2484 743 2561 arripiat,
758 2483 810 2559 qui
824 2481 879 2541 sub
890 2480 1056 2539 Domitiano
1065 2481 1182 2551 floruit,
1194 2492 1224 2537 et
1235 2499 1288 2556 po-

278 2575 337 2632 tuit
355 2575 482 2636 multum
503 2578 534 2636 in
555 2576 749 2655 provehendis
773 2577 833 2634 suis
853 2575 1034 2645 fautoribus,
1041 2577 1169 2651 figttmte
1189 2586 1287 2632 tamen

279 2671 368 2730 etiam
383 2691 509 2750 praeseus
526 2685 642 2751 tempus
663 2685 762 2732 notare
781 2683 845 2730 tum
861 2672 940 2730 visus
959 2682 1021 2741 est,
1036 2690 1097 2748 quo
1115 2670 1247 2728 similiter
1258 2681 1287 2730 et

264 2767 382 2841 ,histrio
394 2769 514 2847 quidam
527 2782 648 2848 potens,
660 2782 690 2830 et
701 2770 820 2828 sceuioae
834 2770 964 2848 gratiosae
977 2767 1110 2837 militias,
1122 2768 1287 2826 tribunatus

280 2877 310 2925 et
322 2866 524 2945 praefecturas,
537 2867 698 2926 fautoribus
719 2867 779 2926 suis
791 2861 979 2925 ‘conciliabat
996 2867 1060 2922 Hoc
1075 2885 1129 2922 nec
1142 2864 1258 2922 abludit
1270 2883 1287 2920 a
1323 2849 1327 2856 ’

280 2962 412 3024 moribus
422 2963 577 3033 Hadriani,
590 2963 642 3041 qui
652 2963 749 3021 varius
760 2963 790 3020 in
802 2962 939 3022 omuibus
951 2961 1021 3019 fuit:
1031 2979 1099 3018 nam
1108 2972 1137 3018 et
1145 2959 1289 3038 psailendi

280 3057 461 3136 canendique
470 3059 567 3118 studio
576 3059 742 3128 tenebatur,
752 3069 782 3115 et
789 3057 946 3116 comoedias
956 3049 1166 3134 tragoediasque
1176 3073 1290 3133 semper

281 3153 313 3212 in
327 3155 461 3214 convivio
476 3154 640 3212 exhibebat.
658 3155 738 3211 licet
756 3165 854 3211 autem
874 3151 948 3210 nibil
964 3151 1021 3208 tale
1036 3151 1203 3228 scripserint
1218 3170 1291 3207 anc-

279 3263 359 3309 tores
371 3251 437 3310 vitae
450 3251 607 3322 Hadriani,
623 3235 678 3330 qui
689 3249 777 3308 bodie
795 3261 924 3319 exstant,
939 3267 999 3306 non
1014 3246 1180 3306 dubitanter
1191 3259 1290 3306 tamen

280 3346 312 3404 id
325 3365 480 3426 possamus
493 3348 653 3417 affirmare,
665 3357 709 3404 tot
722 3347 808 3406 certis
818 3345 995 3423 argumentis
1006 3355 1035 3402 et
1047 3343 1213 3402 testimonio
1222 3347 1292 3401 Sue·
1398 3331 1400 3396 J

281 3444 373 3515 touii,
390 3445 471 3522 quod
493 3445 590 3504 omnia
612 3455 744 3522 superat,
759 3441 887 3500 inducti.-
904 3440 992 3518 Fiuge
1006 3460 1093 3511 vero,
1109 3440 1196 3498 verba
1217 3438 1289 3510 illa,

282 3543 364 3620 quod
370 3561 429 3598 non
438 3544 511 3600 dans
513 3561 652 3618 proceres
657 3582 669 3612 ‚
683 3540 886 3608 dubitassem,
897 3536 934 3595 de
945 3537 1125 3616 temporibus
1132 3536 1294 3594 Domitiani
1399 3591 1400 3600 ,

281 3638 357 3710 dici,
372 3651 401 3698 et
421 3639 452 3698 iu
472 3639 603 3698 Paridem
623 3637 836 3717 pantomimum
858 3633 938 3692 iilius
959 3635 1032 3707 aevi,
1047 3633 1128 3692 nulla
1146 3646 1218 3691 tunc
1238 3633 1294 3690 erit
1399 3649 1400 3666 ¹

281 3737 393 3814 figura,
407 3737 524 3796 nulium
541 3752 643 3816 σχῆμα,
659 3733 780 3792 'nauum
797 3730 1045 3809 oblique-dictum
1058 3752 1066 3787 z
1080 3750 1149 3789 nara
1163 3731 1303 3806 districte¹

231 3827 233 3832 ’
281 3853 315 3892 ac
330 3834 438 3892 directe
452 3845 583 3910 tempora
596 3829 755 3889 Domitiani
769 3838 883 3897 taxant,
897 3830 927 3886 a
941 3825 1075 3884 Paridem
1087 3839 1186 3905 aperte
1197 3825 1296 3898 norni-

281 3943 368 4003 uant‚
383 3941 412 3990 et
425 3929 545 3988 nimiam
563 3929 626 4007 ejus
647 3925 807 4007 potentiam
825 3934 935 3982 notant.
958 3921 1038 3981 Nihil
1057 3941 1126 4002 ergo
1143 3923 1296 3998 isticfiga·
