2818 4654
537 347 676 416 VITA.
719 402 726 414 .
798 367 802 378 ’
837 415 840 422 ,
865 387 868 399 =
886 435 891 444 .
1071 375 1109 443 19

104 469 202 530 alienis
211 472 354 550 operibus
365 468 506 546 honores,
518 487 553 534 ut
566 487 667 534 conns
680 493 732 534 sua
746 474 848 544 alienis
857 473 1025 536 nominibus
1035 496 1109 556 sup-

105 572 248 650 posuerit,
262 585 292 630 et
304 573 425 650 quidem
434 573 551 652 ,qualis
561 577 647 634 Pani*
659 575 768 644 dierat,
782 577 952 634 libertorum.
967 581 1070 655 Itaque
1081 589 1111 636 et

106 673 206 726 domoe
223 669 312 728 fuerit
329 684 461 750 oportet,
476 685 507 730 et
527 691 586 730 suae
606 671 713 733 indolis
733 671 930 750 experimenta
950 673 1063 733 dederit
1079 675 1111 734 in

105 764 244 824 litteratos
254 767 545 838 munificentissimae,
557 765 626 828 ciam
639 768 788 828 iuvenalis
803 768 854 826 illa
868 769 898 828 in
914 789 945 826 se
960 769 1035 828 dicta
1046 789 1110 829 sue

106 862 194 939 picari
202 874 300 939 posset
308 862 480 922 Hadrianus.
490 864 538 922 Sic
548 865 692 922 anteanni
701 867 825 924 CXVIH
836 865 942 933 finem,
954 877 1005 922 aut
1014 869 1110 926 CXIX

106 958 235 1028 initium,
248 958 324 1016 mitti
334 959 382 1014 vix
392 959 488 1036 potuit
498 959 529 1016 in
540 959 661 1018 exilium
672 960 829 1020 iuvenalis.
840 963 908 1019 Erat
917 972 1031 1030 autem,
1042 959 1111 1020 cnm

106 1051 290 1131 relegaretur,
297 1057 501 1128 octogenarius.
508 1054 633 1112 Proinde
641 1069 728 1111 uatus
734 1055 821 1112 fuerit
827 1054 1114 1116 velannixxxvllt

107 1149 179 1220 line,
192 1149 239 1207 vel
253 1151 401 1220 XXXIX,
413 1150 506 1208 initio.
520 1149 593 1208 Inde
607 1149 718 1227 reliqua
728 1149 876 1208 iuvenalis
887 1164 1018 1230 tempora
1028 1165 1114 1212 erunt

106 1243 281 1304 arcessenda.

145 1343 197 1400 sit
208 1341 274 1400 vitas
287 1355 407 1413 auctor,
421 1343 466 1398 ad
474 1344 602 1400 medium
613 1342 672 1400 fere
683 1355 802 1399 aetatem
814 1343 1009 1414 declamasse,
1022 1347 1118 1402 animi

111 1439 310 1512 magiscausd,
321 1439 413 1514 qulam
421 1439 503 1514 quiid
509 1438 994 1514 scdolaeseautsomproepamret.
1005 1441 1117 1498 Suffra-

109 1546 191 1611 gntur
203 1545 231 1592 et
244 1533 323 1612 ipse,
338 1530 462 1592 cirmait
479 1553 511 1592 se
525 1535 673 1591 corrsilium
691 1535 804 1590 &duae
819 1535 908 1590 Sulla
916 1577 927 1605 ,
936 1537 1070 1610 pn'vatur
1085 1549 1119 1594 ut

107 1634 196 1688 altum
214 1630 573 1708 domitet.(sat.1‚'16).
593 1629 681 1690 Platae
702 1633 941 1688 declamatorium
957 1629 1037 1691 illud
1053 1645 1116 1691 erat
1233 1677 1237 1684 .

105 1740 319 1806 argumentum.
334 1727 407 1788 Inde
415 1727 574 1804 facundiae
592 1729 712 1788 nomine
734 1726 819 1784 illum
834 1727 964 1786 celebrat
975 1729 1115 1788 Martialis

107 1823 204 1904 (epig.
218 1826 290 1894 VII,
304 1844 360 1900 91,
375 1824 525 1902 1).·Recte
538 1823 678 1882 uitnirum
690 1822 760 1893 ille,
776 1824 919 1902 statuque,
934 1843 987 1902 pro
1002 1837 1117 1903 tempo·

103 1940 168 1980 rum
181 1919 313 1992 ratione,
328 1938 465 1998 congrue.
481 1923 583 1978 Mediis
599 1921 679 1979 enim
692 1934 766 1976 cetos
776 1923 925 1977 Ianualis
940 1922 1068 1980 incurret
1085 1921 1116 1980 in

103 2035 227 2088 mum,
234 2035 288 2094 pm
297 2016 404 2074 nostris
415 2013 636 2088 bisce-calculis,
646 2017 800 2074 LXXVIII
809 2015 857 2074 vel
867 2017 1006 2086 LXXIX,
1016 2016 1117 2074 multis

99 2101 309 2183 antemius,
328 2109 418 2189 quim
440 2111 578 2170 scriberet
598 2111 649 2169 ills
669 2111 818 2170 Martialisl
839 2111 898 2172 Sed
917 2112 1000 2172 nulia
1017 2113 1118 2172 adhuc

28 2199 31 2208 ’
100 2219 287 2266 memoratur
301 2208 365 2284 ejus
380 2205 531 2263 celebritas
550 2225 569 2262 a
588 2225 619 2264 re
637 2207 768 2282 poetica,
783 2227 819 2263 sse
834 2207 958 2282 quidem
973 2227 991 2266 a
1006 2211 1118 2283 Quanti·

99 2308 209 2373 liano,
224 2301 278 2359 ubi
299 2301 359 2378 agit
381 2300 418 2359 de
439 2299 629 2378 scriptoribus
647 2300 807 2374 satirarum.
829 2304 896 2360 Nou
913 2303 1067 2380 equidem,
1082 2317 1119 2364 ut

101 2399 273 2477 suspicatur
284 2397 447 2475 Rigaltius,
462 2397 545 2474 qsrasi
563 2395 649 2456 illum
669 2396 787 2456 laesisset
807 2396 864 2456 boc
883 2397 947 2475 ipso
966 2401 1118 2462 satirarum

102 2516 194 2574 opere
201 2493 359 2553 iuvenalis.
371 2495 498 2552 Tantum
506 2492 598 2564 abest,
608 2505 642 2551 ut
650 2492 680 2550 id
689 2491 814 2552 moleste.
819 2495 894 2552 tene
902 2509 1001 2574 posset
1007 2511 1117 2566 noster,

102 2605 136 2650 ut
145 2611 218 2650 surse
229 2602 331 2649 contra
341 2590 476 2667 nuspiam
485 2588 579 2662 illius,
591 2589 648 2648 nisi
658 2609 728 2648 cum
737 2589 862 2662 honore,
874 2592 1119 2652 memineritssed

104 2700 205 2747 monet
216 2699 317 2746 notter
329 2685 470 2744 lectorem
480 2683 659 2763 aliquoties(
667 2705 696 2743 v.
708 2685 832 2757 Quintil.
845 2687 907 2757 111,
923 2707 956 2758 1,
968 2698 998 2744 et
1009 2689 1050 2758 X,
1065 2688 1115 2764 ι),

105 2803 133 2842 se
153 2785 257 2843 dedita
278 2801 367 2864 opera
386 2803 405 2840 a
423 2784 585 2840 nominibus
606 2783 761 2839 uiuentium
782 2781 938 2842 abstinere.
959 2786 997 2840 Et
1016 2783 1118 2842 multis

103 2896 206 2959 postea
229 2881 314 2940 annis
334 2880 449 2958 scripsit
470 2879 618 2938 luvenalis
639 2879 723 2949 illas,
740 2899 812 2957 quas
831 2879 992 2950 babemus,
1006 2881 1114 2940 satiras.

102 2977 196 3036 Addit
219 2977 301 3036 enirn
319 2977 386 3034 vitae
406 2987 525 3044 auctor,
539 2971 730 3053 posteaqu'am
753 2975 1008 3034 declamationibus
1030 2977 1124 3036 incia:

102 3075 230 3134 ruisset:
252 3074 357 3147 deusde
369 3091 535 3147 paucorum
554 3091 689 3127 versuum
709 3072 800 3128 satira
819 3091 878 3128 aaa
896 3072 1022 3128 absurde
1042 3093 1119 3130 com-

97 3174 196 3244 posita
211 3173 245 3228 iu
259 3169 397 3224 Paridem
408 3167 627 3242 pantomimum
640 3175 822 3242 poetamque
839 3168 961 3229 Claudii
970 3171 1094 3226 Neronis
1103 3213 1114 3240 ,

102 3268 162 3336 ejus
171 3265 357 3324 semestribus
366 3266 502 3320 ruilitiolis
510 3276 781 3338 tumentem‚genus
791 3265 939 3338 scrioturoe
947 3265 1115 3326 industriose

104 3367 241 3440 exeolrdt.
260 3360 386 3420 Proinde
404 3362 520 3417 usticam
537 3359 620 3418 illam
640 3357 728 3418 subse
741 3379 963 3440 paucorumque
981 3381 1115 3424 versuum

102 3463 226 3518 satz'ram
238 3459 353 3528 innuit,
365 3459 591 3536 quamprimum
602 3455 715 3534 scripsit
727 3454 890 3516 Juvensliss
902 3474 966 3517 eam
978 3454 1046 3520 ciras
1057 3482 1115 3520 non

28 3625 30 3638 .
105 3558 230 3614 absurde
242 3557 432 3631 conpositam
443 3555 504 3632 ipse
514 3551 690 3631 judicdsset,
704 3551 773 3612 iude
784 3553 896 3616 aniame
906 3557 1062 3634 sumpsisse
1073 3562 1117 3616 acl
1136 3551 1139 3558 '

28 3677 29 3712 3
102 3673 190 3727 genus
211 3654 365 3728 scripturae
384 3651 553 3706 induciare
571 3649 773 3707 excolendam.
796 3651 903 3710 Mansit
924 3663 1020 3716 tamen
1040 3657 1113 3714 intra

104 3750 215 3824 privata
229 3747 358 3807 auctoris
372 3745 476 3803 scrinia
489 3745 581 3822 prima
594 3745 658 3824 ejus
672 3743 723 3802 illa
737 3745 768 3802 in
780 3743 838 3804 hoc
851 3766 955 3826 genere
969 3749 1114 3808 scribendi
1175 3735 1180 3744 ’

104 3847 284 3906 exercitatio.
299 3843 383 3904 seeo
396 3841 536 3900 nimirum
548 3841 586 3898 ab
599 3860 635 3900 eo
648 3840 781 3924 noudum
795 3843 888 3914 edita,
901 3855 935 3900 ut
945 3846 1114 3925 nequidem

101 3945 268 4010 amicorum
282 3939 433 4002 auditoriis
446 3937 592 4030 recitanda
607 3938 783 4002 crederetur.
802 3940 850 4002 sic
867 3941 946 4000 enim
964 3941 1114 4024 subjungit

905 4057 936 4102 2.
