2818 4654
289 387 332 456 38
568 380 839 448 ELENCHUS
870 377 1017 449 CODD.

283 529 388 580 manu,
396 511 434 568 ad
446 509 618 586 marginem,
628 505 772 584 plurimos
784 501 949 560 emendavit
961 502 1057 572 locos,
1068 501 1120 558 sed
1128 501 1243 558 numm
1251 503 1295 560 VI

285 608 317 664 in
330 606 386 665 hoc
398 605 497 663 labore
510 623 571 662 nou
582 613 800 682 praetergressus
813 611 866 658 cst.
882 597 1074 656 Inscribitur:
1089 598 1235 656 Salmast'i.

494 751 603 816 XVII.
624 729 734 814 Codex
750 747 915 812 [ardincus
938 695 1044 832 (82⁸89
1055 743 1079 833 ).

329 911 502 970 Chartaceus
524 909 555 966 in
574 907 626 977 4⁰,
645 918 781 965 constans
806 924 843 978 70
865 903 964 972 foliis,
985 903 1042 959 XV
1064 920 1128 958 saec.
1150 913 1301 974 exaratus,

290 1009 357 1068 s'atis
370 1006 462 1065 nitide
476 1005 617 1083 scriptus:
631 1015 786 1072 caeterum,
801 999 902 1080 primis
914 1017 1029 1056 coaevus
1040 996 1155 1055 videtur
1168 995 1303 1056 editioni·

289 1106 347 1164 bus
355 1125 364 1174 ;
376 1102 503 1182 ideoque
516 1122 576 1165 non
589 1097 686 1180 magni
701 1097 797 1178 pretii.
813 1097 884 1156 Haec
896 1094 935 1153 ad
949 1095 1058 1153 calcem
1072 1095 1177 1174 scripta
1191 1104 1275 1152 sunt:

289 1237 418 1310 Explicit
428 1236 500 1290 liber
510 1232 676 1301 quenale,
686 1231 735 1286 dte
742 1229 829 1308 xxviij
843 1225 973 1306 augusti,
982 1225 1302 1297 ccccccuxxxm,

707 1326 863 1382 Florentiae
872 1344 886 1392 3

291 1411 330 1468 Et
342 1408 416 1466 infra
428 1429 435 1464 :

333 1527 395 1578 Iste
411 1523 483 1578 liber
495 1522 645 1577 quenalis
659 1521 815 1575 satirarum
831 1531 876 1575 est
888 1519 948 1574 ntei
963 1516 1089 1585 ιἀνᾰὺτί,
1105 1533 1191 1590 quem
1205 1515 1307 1589 scripsi

286 1617 361 1676 tinea
381 1637 470 1674 manu
479 1617 624 1692 propriis,
638 1616 686 1671 die
702 1613 790 1692 xxviij
808 1615 924 1690 augusti
927 1655 939 1684 ‚
952 1616 994 1670 tt.
1014 1611 1119 1670 CCCC.
1135 1611 1302 1667 LXXXIII.

513 1763 638 1829 XVIII.
657 1763 860 1829 Mazarineus
877 1761 931 1828 ΙΙΙ
947 1759 960 1848 (
967 1759 1083 1852 8076).

333 1925 410 1984 cod.
420 1924 589 1982 &amaus
598 1924 629 1980 in
644 1921 697 1981 iol.
712 1935 846 1980 constans
858 1937 913 1998 109
922 1917 1011 1992 loliis,
1020 1915 1152 1976 nvsaee.
1161 1929 1306 1990 exaratus,

295 2041 401 2102 parum
418 2021 566 2098 eleganter
583 2019 727 2098 seipsos,
745 2031 775 2108 et
796 2018 875 2075 lectu
896 2015 1059 2074 admotlmu
1081 2011 1226 2086 difficilis,
1242 2026 1306 2074 tuns

296 2130 417 2197 propter
437 2135 554 2195 pravam
576 2116 766 2194 scripturam,
783 2126 848 2172 tum
870 2123 990 2192 propter
1007 2131 1114 2168 vocum
1134 2109 1308 2189 compendia

294 2214 457 2272 innumera.
467 2212 664 2270 Nihilominus
673 2209 786 2288 egregie
800 2207 982 2279 emendatus,
992 2219 1022 2266 et
1032 2227 1068 2265 cx
1078 2207 1193 2284 optimo
1202 2205 1309 2264 ductus

295 2311 432 2390 exemplo
439 2310 565 2368 videtur.
579 2309 697 2368 Glossss
707 2307 796 2366 lubet
806 2305 1034 2383 copiosissimas,
1045 2304 1211 2383 sodpstum
1220 2303 1309 2366 uoles
1401 2379 1402 2402 Χ

296 2408 417 2486 scriptus
428 2406 467 2466 ad
480 2405 639 2482 marginem
651 2416 683 2461 et
695 2404 771 2462 iuter
784 2401 884 2460 liunus.

308 2568 311 2576 ’
381 2551 477 2616 XIX.
502 2549 611 2616 Codex
630 2551 745 2638 absque
754 2552 934 2638 possessoris
950 2547 1065 2614 notul
1087 2547 1222 2640 (8470).

341 2710 582 2770 membranaceus
594 2708 626 2764 iu
638 2708 685 2778 8⁰,
698 2720 832 2768 constans
846 2727 881 2781 77
897 2707 992 2780 soliis,
1008 2709 1065 2768 XV
1078 2725 1143 2766 saec.
1161 2721 1314 2779 exacutus,

302 2807 371 2864 satis
384 2803 476 2861 nitide
490 2805 629 2881 scriptus,
642 2815 672 2862 et
685 2804 768 2861 bone
781 2815 859 2861 nota
869 2845 878 2873 ‚
890 2804 1001 2882 quippe
1013 2805 1066 2882 qui
1076 2803 1193 2862 videtur
1204 2825 1222 2862 e
1232 2805 1315 2862 bono

301 2903 409 2960 ductus
423 2900 573 2978 exemplo,
586 2899 637 2958 sed
646 2899 723 2961 ,adeo
736 2900 875 2970 mutilus,
887 2912 974 2978 atque
986 2899 1109 2960 humore
1122 2899 1262 2970 detritus,
1277 2912 1315 2956 ut

301 3000 365 3076 ejus
374 3015 445 3054 usus
451 2996 511 3054 lere
522 2996 622 3054 nullus
634 2997 679 3053 sit.
689 2999 730 3053 IV
739 2995 992 3074 primaeJuvenalis
999 2995 1090 3054 satirae
1097 2993 1314 3065 desiderantur,

302 3093 405 3172 quinta
419 3093 521 3170 incipit
533 3093 572 3152 ad
583 3111 700 3150 versum
714 3094 770 3164 64,
783 3105 814 3150 et
827 3091 903 3152 liber
916 3091 1035 3170 explicit
1046 3091 1086 3152 sd
1096 3109 1125 3150 v.
1142 3093 1178 3148 13
1190 3090 1317 3150 decimas

303 3203 391 3249 scxtae
401 3189 503 3248 satire„
518 3192 573 3246 XV
587 3201 617 3246 et
630 3191 701 3248 XVI
713 3172 797 3248 nullo
813 3188 903 3247 modo
916 3187 974 3267 legi
987 3200 1110 3268 queunt.
1126 3190 1162 3246 Iu
1175 3186 1320 3264 relitluis,

303 3287 379 3358 inter
391 3285 665 3363 seccuglutinentur
673 3285 802 3364 pagine,
817 3303 889 3364 quus
901 3287 926 3343 si
933 3285 1087 3348 detrahere
1096 3296 1204 3356 tentes,
1216 3297 1322 3344 tecm

306 3384 479 3461 scripturam
495 3381 598 3442 tollas:
612 3394 804 3462 quapropter,
820 3402 857 3441 ne
876 3384 960 3462 pejus
976 3381 1088 3442 malum
1104 3382 1234 3454 eveniat,
1245 3398 1321 3440 eum

305 3479 448 3537 intactum
464 3499 546 3558 paene
559 3478 742 3557 reliquimus.

263 3687 270 3712 t
393 3628 467 3690 XX.
489 3626 600 3691 Codex
616 3628 732 3716 absque
742 3630 921 3716 possessoris
936 3643 1014 3694 noto
1031 3627 1070 3694 II
1086 3627 1221 3717 (8077).

345 3785 584 3846 membranaceus
605 3785 637 3846 iu
653 3785 706 3847 fol.
727 3805 836 3865 parvm
857 3799 991 3850 constans
1008 3787 1047 3858 84
1067 3786 1162 3858 loliis,
1178 3788 1236 3844 XV
1247 3799 1321 3844 saeo

308 3896 415 3945 exunt.
429 3884 496 3942 satis
510 3883 586 3942 bene
600 3884 740 3964 scriptus,
757 3904 811 3942 nec
830 3885 993 3952 admodum
1006 3885 1176 3948 mendosus.
1191 3881 1327 3946 Rshibet'

307 3979 477 4038 Iuvenalem
496 3980 659 4062 integrum,
675 3980 736 4040 sine
749 3979 876 4040 scholiis.
