2922 4672
352 331 526 396 NOTAE
552 329 609 430 IN
634 331 968 400 JUVENALEM.
1106 357 1168 422 129

159 455 262 512 medea
278 452 387 542 dicitur
403 466 438 513 ut
452 455 590 534 Odyssea.
606 457 714 516 Accius
733 457 765 517 in
784 457 928 518 Diomede
943 457 1049 538 passim
1063 459 1171 518 citatur

157 569 174 607 a
186 551 293 610 Nonio.
310 553 348 608 H.

156 705 186 747 r.
205 682 258 748 58.
283 683 367 748 Cirm
384 683 431 748 fas
448 705 513 750 esse
528 699 620 772 putet
634 707 745 752 curam
762 686 1072 776 momentaeis]

196 820 233 880 Id
250 835 312 894 est,
324 824 517 882 Tribunatum
535 825 672 886 militum.
688 827 836 886 Tribunus
854 813 982 888 militum
1001 828 1170 900 cohortem,

159 939 225 1000 quae
242 919 335 978 ferme
352 919 433 979 mille
454 925 604 983 constabat
624 926 756 995 armatis,
771 924 913 994 ducebat,
927 924 1006 983 unde
1019 938 1049 984 et
1062 927 1171 984 Graecis

158 1020 281 1088 χιλίαρχος
297 1017 373 1076 solet
389 1021 496 1079 vocari.
515 1025 557 1080 Ex
580 1023 714 1082 Mod'esto
734 1022 772 1081 de
789 1023 941 1082 vocubulis
959 1025 1001 1082 rei
1019 1023 1169 1098 militaris,

159 1114 283 1174 Tribuni
296 1128 381 1186 sunt,
397 1117 449 1195 qui
465 1118 599 1178 cohortes
613 1120 736 1180 ducunt.
754 1125 793 1180 At
808 1120 833 1178 is
850 1120 1014 1180 Tribunum
1029 1123 1171 1201 majorem

160 1222 188 1267 et
202 1210 369 1269 Tribunum
382 1214 526 1272 minorem
541 1217 673 1274 nominat
683 1235 834 1295 ,quorum
850 1217 945 1292 major
958 1217 996 1274 ad
1014 1217 1093 1276 bunc
1106 1238 1170 1296 gra

159 1308 425 1385 dumlmperatorrs
431 1311 556 1390 Judrcro
566 1333 662 1372 mmor
671 1312 770 1372 labore
781 1333 835 1372 suo
844 1314 1008 1392 pervemat
1018 1314 1168 1387 Aelianus,

159 1403 235 1462 libro
256 1402 293 1461 de
313 1405 483 1466 instruenda
503 1409 583 1481 acie,
600 1409 764 1468 Tribunum
785 1411 930 1468 minorem
936 1397 1170 1483 ,πιντιιιιοσίιιρχαι

159 1499 306 1584 appellat,
320 1504 372 1580 qui
392 1506 544 1564 cohortem
564 1495 794 1585 quingentariam
816 1505 914 1578 ducit,
930 1507 1093 1566 Tribunum
1111 1527 1171 1564 ιιιι-

155 1607 264 1685 jorem,
273 1603 414 1674 μοιριίρχιι,
425 1623 477 1682 qur
469 1602 638 1660 cohortem
644 1597 830 1674 milliariam3
843 1614 877 1660 ut
885 1601 1170 1672 Modestmusvocat,
1237 1637 1240 1648 ·
1283 1641 1286 1648 ·

158 1723 209 1760 seu
221 1703 321 1782 potius
332 1699 523 1758 millenariam
536 1699 620 1780 regit.
630 1703 683 1772 At,
694 1711 843 1758 constante
858 1699 1025 1778 republicd,
1038 1719 1088 1758 sex
1101 1711 1169 1758 tan·

159 1812 225 1856 tum
245 1797 368 1857 Tribuni
388 1809 469 1854 erant
489 1797 519 1854 in
540 1817 600 1854 ιιιιι
619 1795 751 1874 legione,
770 1815 808 1854 ex
825 1795 965 1873 Polybio,
980 1815 1017 1853 ex
1034 1795 1168 1854 Modesto

159 1895 246 1952 etiarn
258 1893 414 1971 Vegetius3
429 1891 481 1950 sed
500 1891 582 1950 addit
602 1912 691 1950 unam
711 1904 824 1951 tantum
842 1892 874 1951 in
891 1891 1006 1970 legione
1018 1892 1170 1950 cohortem

159 1991 325 2048 milliariam
338 1990 437 2077 fuisse.
453 1981 487 2047 C.

47 2157 50 2166 ·
158 2155 188 2198 ι.
207 2129 261 2220 67⁴.
286 2131 451 2219 signator,
465 2131 545 2196 falso
564 2131 622 2218 qui
636 2153 670 2198 se
685 2129 811 2195 lautum
826 2145 921 2218 atque
938 2131 1070 2194 beatum

289 2229 419 2318 Exiguis
435 2227 571 2309 tabulis,
585 2245 617 2292 et
629 2227 756 2314 gemmei
772 2228 888 2292 fecerat
903 2227 1001 2314 adri]

201 2381 246 2435 Ex
259 2379 343 2436 Festo
354 2378 471 2436 Paullus
483 2378 523 2435 sic
533 2377 630 2435 habet.
646 2376 818 2436 Adulterina
831 2377 911 2456 signa
922 2377 1061 2438 dicuntur
1071 2365 1173 2436 alienis

159 2473 277 2532 annulis
287 2472 370 2532 facta
384 2475 507 2531 Gemma
515 2475 576 2530 udo
585 2493 668 2551 ergo
680 2486 714 2532 ut
724 2473 890 2532 obhtterato
898 2473 1018 2553 hujus
996 2493 1093 2552 signo
1102 2475 1172 2534 alte-

159 2573 222 2630 rius
238 2571 339 2629 annuli
352 2569 467 2650 gemmi
480 2570 588 2629 tabulae
603 2571 790 2650 suppositivae
806 2569 1037 2652 obsignarentur.
1053 2571 1090 2629 H.

160 2736 192 2776 ιι.
214 2713 266 2801 73.
290 2711 385 2778 Aude
396 2711 518 2800 ahqmd
528 2711 681 2777 brevibus
698 2711 812 2798 Gyaris
823 2727 856 2778 et
869 2735 993 2778 caruere
1005 2711 1172 2802 dignum]

204 2856 314 2928 Gyaros
328 2851 426 2911 tamen
439 2873 497 2910 una
510 2864 624 2911 tanturn
639 2853 733 2912 insula
747 2865 805 2925 est;
819 2853 870 2911 sed
888 2855 991 2930 Gyaris
1004 2873 1059 2930 pro
1070 2852 1173 2911 insulis

163 2951 258 3027 parvis
273 2950 391 3026 posuit,
404 2949 435 3006 id
455 2961 513 3020 est,
529 2949 622 3008 exiliis
645 2963 675 3008 et
693 2950 894 3029 deportatione
912 2949 944 3008 in
967 2949 1085 3010 insulas.
1109 2951 1174 3008 Hoc

164 3060 220 3119 est,
235 3046 406 3104 audendum
417 3045 470 3104 tibi
481 3059 525 3106 est
534 3047 734 3125 'periculosum
744 3045 872 3124 aliquid,
885 3066 944 3124 quo
954 3046 1091 3119 ditescas3
1105 3051 1174 3106 nani

156 3145 290 3218 probitas
302 3144 442 3198 laudatur
450 3153 480 3198 et
489 3146 582 3218 alget,
597 3143 627 3200 id
639 3155 695 3212 est,
708 3143 787 3200 nuda
800 3155 842 3199 est
854 3154 883 3200 et
894 3162 1019 3220 pauper3
1031 3153 1060 3201 at
1070 3141 1174 3200 divites

110 3268 112 3270 ·
164 3231 334 3296 criminibus
350 3238 459 3296 debent
471 3250 589 3317 accepta
604 3238 710 3296 referre
723 3238 871 3316 praetorias
885 3257 956 3315 opes
970 3257 1053 3312 suas,
1068 3237 1175 3316 pocula

165 3347 299 3412 argentea
315 3354 388 3412 pura
404 3347 433 3392 et
448 3321 547 3392 eaelata
562 3334 762 3405 emblematis,
776 3325 811 3391 rit
823 3353 920 3411 capro.
937 3333 973 3390 fl.

164 3487 196 3528 ιι.
217 3488 270 3554 77.
298 3463 399 3551 Quem
411 3466 532 3553 patitur
544 3463 686 3529 dormire
702 3468 804 3528 nurus
815 3479 985 3552 corruptor
998 3461 1143 3554 avarsei']
1161 3453 1171 3488 ‘⁵
1252 3476 1256 3485 '

203 3607 316 3682 Nempe
331 3609 484 3661 socerum:²
499 3609 594 3676 Quem
609 3604 747 3662 maritum
762 3622 874 3682 sponsae
885 3603 1002 3683 turpes,
1017 3604 1130 3664 lascivae
1146 3619 1176 3666 et

163 3699 328 3758 libidinosae
342 3702 496 3779 patiuntur
508 3699 635 3757 dormir’e
651 3719 804 3770 securum,
817 3719 889 3778 quas
903 3719 1090 3779 corrumpere
1104 3702 1175 3766 velit

165 3795 280 3854 adulter
293 3796 390 3858 adhuc
406 3807 593 3876 pretextatus
608 3808 637 3853 et
649 3795 784 3874 puer.‚H.

12 3983 13 3990 ,
117 3972 124 3981 ,
167 3948 196 3990 ι.
215 3926 267 3998 8ι.
292 3927 341 4008 Ειι
353 3951 419 4015 quo
431 3925 609 4015 Deucalion
628 3925 747 3994 nimbis
765 3883 954 4026 tollerltibus
968 3928 1076 4018 aequor

892 4055 916 4122 9
