2930 4660
527 345 858 432 ,PRAEFATLQ
1135 351 1208 420 aaa

197 466 284 531 tiana
304 467 461 558 religione
482 471 630 536 nondum
653 473 780 554 imbuti.
807 474 852 537 At
875 472 929 536 illa
952 495 1027 538 sane
1050 474 1090 539 de
1104 477 1212 541 eruitis

197 582 377 670 supplicio,
402 600 434 648 et
458 585 657 649 Alamanniae
685 568 825 667 nomen,
847 573 972 674 aliaque
994 589 1069 672 ejus?
1082 590 1210 676 generis

198 698 471 788 nonnulla,'post
499 701 747 766 Constantinum
776 701 934 792 Magnum
963 702 1082 790 scripta
1108 726 1205 768 nemo

172 797 182 890 J
196 811 260 875 nisi
277 813 420 878 historiae
438 816 570 906 ignarus
590 813 764 906 negaverit.
789 809 859 908 Ego
879 839 957 882 vero
977 816 1065 904 quod
1086 813 1211 882 ceteris,

194 923 261 988 fere
278 941 422 991 veterum
447 930 733 1016 grammaticorum
760 931 871 1019 glossis
894 947 927 995 et
948 925 1206 1012 ¹commentariis,

193 1035 281 1104 idem
298 1056 331 1104 et
348 1040 426 1104 huic
443 1059 554 1107 nostro
572 1042 722 1136 accidisse
737 1040 849 1124 video,
863 1061 899 1107 ut
918 1068 958 1108 ex
971 1046 1145 1134 variorum!
1155 1045 1206 1108 di·

194 1175 310 1235 versae,
323 1170 361 1218 ut
374 1155 490 1236 aetatis,
507 1157 552 1220 sie
570 1155 762 1220 eruditionis
783 1156 996 1244 interpretum
1020 1158 1107 1222 notis
1126 1180 1205 1223 con·

107 1332 112 1339 ,
194 1265 326 1349 flatum,
345 1269 445 1334 instar
462 1285 494 1334 et
511 1271 619 1359 ipsum
637 1270 740 1334 satirae
759 1286 848 1334 esset.
867 1271 947 1358 quin
969 1287 1001 1335 et
1017 1272 1052 1334 in
1071 1273 1205 1360 antiquo

194 1383 369 1472 exemplari
387 1405 469 1472 saepe
486 1405 538 1448 me
556 1384 596 1448 ab
619 1385 716 1449 initio
738 1407 777 1449 ex
800 1385 981 1474 marginum
1000 1384 1206 1468 diversitate,

193 1497 499 1585 interpretationum
524 1500 620 1563 etiam
648 1499 866 1565 diversitatem
893 1515 1019 1565 notasse
1046 1495 1201 1566 memini:

194 1633 293 1698 quam
310 1627 417 1676 tamen
436 1614 470 1676 in
488 1612 548 1676 hac
567 1613 709 1677 editione
725 1631 951 1704 repraesentare
970 1637 1076 1702 neque
1089 1617 1204 1704 potui,

194 1747 317 1812 neque,
337 1725 471 1814 opinor,
490 1725 598 1790 debui.
617 1727 709 1791 Valla
731 1743 763 1791 et
785 1729 853 1816 ipse
868 1728 919 1791 vir
938 1727 1203 1818 diligentissimus

192 1839 243 1902 sui
258 1838 352 1904 nobis
366 1841 466 1905 Probi
481 1839 660 1934 fragmenta
675 1841 717 1906 ad
734 1842 843 1904 satiras
860 1857 986 1906 tanturn
1003 1842 1127 1931 aliquot
1140 1865 1201 1932 pro

192 1969 287 2040 captu
309 1969 404 2040 atque
429 1954 587 2018 arbitratu
610 1977 669 2018 suo
693 1954 861 2045 exhibuit,
883 1980 954 2043 quae
978 1972 1087 2022 tamen
1111 1957 1204 2045 adju-

192 2084 302 2132 mento
317 2091 382 2130 non
398 2068 461 2132 levi
479 2067 641 2156 plerisque
658 2068 736 2132 loeis
754 2068 905 2150 fuerunt,
923 2092 1005 2157 quos
1016 2047 1058 2134 ex
1073 2072 1136 2134 illis
1149 2073 1204 2136 vel

193 2181 450 2260 emendavimus,
462 2182 513 2244 vel
524 2179 760 2268 supplevimus,
772 2179 892 2266 adjecta
908 2183 1004 2246 etiam
1017 2204 1073 2246 sua
1086 2185 1208 2271 cuique

193 2309 287 2374 nota,
307 2292 396 2382 quod
417 2293 471 2358 hio
490 2294 531 2358 ab
555 2293 662 2383 operis
686 2293 933 2381 praetermissum
954 2293 1058 2358 video.
1083 2297 1205 2362 Caetera

194 2409 304 2473 omnia
319 2431 361 2479 ¹eu
379 2423 490 2472 nostro
509 2406 566 2471 illo
586 2407 686 2470 unico
710 2406 884 2494 exemplari
907 2428 973 2470 non
996 2407 1066 2472 sine
1083 2430 1202 2498 magno

192 2523 304 2588 labore
317 2547 354 2588 ac
368 2522 464 2589 taedio
477 2543 625 2612 expressa
638 2538 729 2602 sunt,
745 2493 781 2586 ea
795 2521 891 2610 plane
904 2520 968 2584 fide
980 2537 1011 2586 et
1023 2523 1199 2613 religione,
1244 2591 1245 2598 ,

192 2655 231 2701 ut
250 2639 391 2726 quodam
412 2636 511 2701 modo
529 2636 707 2701 verendum
728 2636 824 2700 nobis
844 2636 970 2701 videam
988 2659 1028 2705 ue
1046 2639 1201 2727 supersti-

193 2752 275 2818 tioni
290 2753 437 2842 plerique
452 2768 507 2816 aut
525 2752 742 2842 negligentiae,
755 2751 907 2816 nonnulli
923 2751 1018 2815 etiam
1032 2752 1202 2841 imperitiae

193 2866 398 2947 adscribant,
409 2864 498 2954 quod
515 2865 631 2930 veteris
656 2867 820 2954 scripturae
840 2865 917 2928 vitia
938 2865 1102 2930 interdum
1122 2867 1200 2930 reti-

192 3004 269 3046 nere
281 2980 471 3060 maluimus,
486 3003 585 3068 quam
600 2979 788 3066 conjecturis
809 3001 849 3042 er
867 2979 998 3068 ingenio
1011 2979 1198 3060 emendare,

194 3095 282 3184 quod
299 3097 395 3161 nobis
412 3095 543 3183 quidem
560 3119 628 3160 non
648 3093 779 3158 difficile
794 3093 910 3173 fuisse,
924 3093 1001 3157 loeis
1017 3095 1128 3158 saltem
1141 3095 1200 3157 ali·

194 3228 275 3299 quot
286 3209 374 3276 haud
389 3211 591 3299 negaverim:
610 3225 642 3272 at
657 3209 719 3272 erit
733 3208 795 3271 illis
809 3207 950 3272 fortassis
963 3207 1114 3296 perfacile
1129 3191 1208 3272 om?

194 3329 310 3411 nibus,
329 3327 447 3416 quibus
472 3325 513 3390 ad
536 3325 735 3413 spicilegium
761 3324 855 3413 plura
878 3346 1044 3412 superesse
1066 3323 1202 3411 reliquae

194 3443 304 3508 messis
327 3434 478 3505 interesse
502 3439 621 3527 putavi.
650 3439 700 3503 Ne
725 3453 831 3502 tamen
860 3460 972 3502 omnes
998 3439 1109 3502 omnia
1134 3437 1199 3501 sibi

193 3578 324 3643 quoque
337 3556 371 3619 in
387 3556 454 3618 haee
469 3569 588 3618 temere
604 3553 701 3616 licere
717 3552 967 3634 arbitrarentur,
984 3552 1068 3640 passi
1086 3574 1199 3616 sumus

109 3703 111 3713 Α
192 3670 338 3760 quaedam
353 3693 393 3734 ex
405 3669 469 3733 illis
485 3668 580 3754 adjici
598 3691 668 3756 quae
686 3668 770 3732 inter
784 3667 956 3756 legendum
973 3665 1014 3731 ad
1030 3689 1101 3732 oras
1118 3667 1197 3731 libri

193 3786 457 3852 adnotaveramus
482 3783 646 3850 memoriae
671 3783 770 3872 magis
787 3805 897 3865 caiisa,
913 3785 1008 3870 quim
1028 3797 1065 3846 ut
1080 3782 1114 3845 in
1131 3804 1197 3869 pus
