2930 4660
290 307 350 382 142
459 359 461 368 χ
501 303 542 366 Η.
565 299 629 366 ΕΤ
653 297 1067 366 c.VALEs10RUM

286 425 366 484 idem
380 425 439 486 diei
452 443 512 484 non
526 435 633 504 potest.
651 427 727 483 Nam
748 443 802 482 nec
824 425 865 481 eis
886 423 1003 502 proprie
1017 419 1125 479 duritia
1142 415 1297 484 convenit,

284 541 341 580 nec
354 542 371 579 a
386 534 457 580 vett.
476 521 645 580 auctoribus
659 521 782 580 Venetia
801 519 912 578 eisdem
931 517 1025 600 patria
1042 515 1190 575 tribuitur.
1206 515 1299 570 Vetus

287 618 454 677 scholiastes
468 621 483 676 J
486 619 615 676 uvenalis
628 615 715 697 legit,

184 699 187 718 Ι
461 730 714 800 Contentusqueillic
726 743 817 782 veneto
830 732 945 798 duroque
957 730 1067 780 cucullo.
1097 796 1102 804 ι

285 841 496 916 Interpretatur
517 838 615 908 enim,
634 849 688 894 aut
708 855 804 894 cmsso
831 837 951 906 labdo,
975 849 1029 892 ant
1049 836 1150 910 quales
1172 832 1298 910 cucullos
1359 899 1365 920 ἱ

288 937 398 992 habent
415 935 550 992 Perusini
554 957 566 1005 ;
581 937 632 992 vel
652 956 671 991 a
695 937 808 1004 colore,
824 945 878 990 aut
895 955 914 989 a
930 933 1082 1009 provincia
1103 933 1233 986 Venetos.
1255 929 1299 984 Ex

287 1052 348 1112 quo
362 1043 480 1112 apparet
492 1044 619 1092 veterem
634 1031 772 1090 mendam
787 1049 887 1090 versus
907 1023 970 1110 ejus
990 1029 1078 1086 fuisse
1096 1027 1127 1084 in
1145 1046 1205 1084 una
1221 1025 1299 1082 litte·
1389 1031 1390 1034 ’

287 1131 352 1190 rula
366 1152 381 1188 c
394 1144 449 1210 pro
465 1131 622 1210 lpositsm.
638 1130 685 1188 Sic
699 1130 794 1201 idem,
808 1129 866 1189 sive
881 1129 1009 1198 Probus,
1023 1129 1082 1186 sive
1095 1125 1249 1204 quisalius
1262 1141 1300 1180 ex

286 1229 320 1286 P.
334 1225 456 1286 Pithoco
470 1227 500 1285 in
514 1227 598 1284 satira
609 1230 654 1286 111
667 1227 757 1305 legit,

463 1343 546 1392 Unius
558 1361 611 1392 sese
624 1343 758 1392 dominum
771 1344 859 1392 fecisse
871 1343 978 1392 lacerta.

289 1448 326 1505 Et
339 1449 477 1504 lacertam
492 1448 582 1505 sumit
597 1459 648 1504 aut
665 1467 719 1526 pro
737 1445 855 1506 animali
874 1448 953 1525 ipso,
968 1457 1018 1504 aut
1035 1465 1090 1525 pro
1107 1464 1176 1524 agro
1191 1445 1222 1502 iu
1238 1463 1298 1522 quo

184 1535 186 1542 ’
289 1553 358 1600 sunt
372 1541 492 1619 plurimi
510 1537 612 1601 lacerti
629 1544 721 1621 magis
741 1540 830 1621 quim
853 1541 986 1614 lacertae,
1003 1553 1032 1600 et
1053 1543 1084 1599 in
1106 1541 1192 1599 horto
1212 1541 1299 1600 etiam

289 1639 450 1697 discurrere
464 1650 493 1696 et
509 1638 621 1699 latitare
635 1652 859 1698 consueverunt.
879 1645 975 1712 Quem
993 1639 1214 1716 grammaticum
1229 1641 1301 1696 Pro·

288 1735 362 1794 hum
379 1746 446 1812 post
464 1733 687 1792 Constantinum
707 1739 848 1814 Magnum
870 1734 1016 1812 scripsisse
1033 1733 1119 1792 hasce
1140 1735 1248 1812 glossas
1266 1737 1298 1790 P.

288 1829 427 1888 Pithoeus
444 1840 548 1909 putat,
563 1842 592 1889 et
612 1851 648 1888 ex
660 1831 808 1889 variorum
827 1831 947 1889 diversae
969 1831 1060 1888 aetatis
1081 1842 1111 1888 et
1130 1823 1299 1888 eruditionis
1356 1829 1358 1834 ’

290 1928 482 2005 interpretum
496 1927 573 1986 notis
588 1928 640 2006 (ut
662 1947 737 2008 saepe
756 1927 884 2006 factum)
900 1948 961 1986 esse
976 1925 1146 1986 conflatum.
1161 1928 1208 1986 Sic
1222 1927 1299 1985 idem

290 2037 373 2082 vetus
386 2025 527 2105 interpres
541 2037 571 2082 et
584 2025 614 2082 in
627 2025 714 2084 satira
727 2027 768 2083 tv
780 2023 868 2104 legit:

468 2173 786 2190 .............
804 2143 934 2208 provincia
947 2141 1010 2189 tanti

464 2219 559 2270 Vendit
573 2235 646 2286 agros
653 2255 662 2280 ,
674 2219 717 2270 sed
730 2221 836 2286 majores
850 2220 942 2285 Apulia
955 2221 1050 2268 vendit.

289 2331 382 2400 Agros
393 2324 531 2403 inquam,
545 2343 606 2382 non
620 2345 708 2400 apros
716 2368 726 2395 ,
740 2323 791 2382 sed
805 2324 881 2382 male
895 2347 902 2382 ε
918 2336 952 2382 ut
965 2343 1001 2382 ex
1014 2325 1128 2383 dhehus
1139 2326 1201 2404 ejus
1212 2322 1299 2384 adno-
1313 2335 1314 2344 ¹

289 2423 448 2482 tatiouihus
459 2434 588 2501 apparet.
605 2423 642 2478 Η.

288 2595 320 2636 r.
342 2571 413 2660 175.
441 2619 449 2635 .
478 2618 486 2658 ·.
515 2617 523 2634 .
551 2617 559 2634 .
589 2617 597 2633 .
627 2559 672 2634 .’.
698 2571 780 2634 cum
790 2593 935 2660 personae
951 2572 1099 2660 pallentis
1115 2573 1238 2636 motum

439 2669 478 2732 ln
494 2668 618 2758 gremio
635 2669 747 2734 matris
764 2669 917 2734 formidat
929 2671 1066 2737 rusticus
1080 2671 1218 2759 inians]

329 2823 365 2878 In
384 2817 472 2896 gestis
489 2819 669 2876 Francorum
691 2817 743 2878 lih.
765 2821 825 2890 111,
841 2840 905 2899 cap.
932 2819 987 2890 15,
1006 2819 1069 2880 haec
1088 2795 1228 2900 legimus:
1244 2825 1296 2878 «tn

292 2939 305 2970 a
318 2936 392 2995 pago
406 2915 593 2990 Nr'tlraganne
609 2915 720 2973 fundus
740 2927 783 2973 est
801 2919 913 2974 Ursella
926 2931 1063 2988 vocatus,
1076 2919 1107 2976 in
1121 2939 1181 2996 quo
1195 2917 1298 2976 mulier

291 3037 304 3069 α
317 3012 467 3092 quaedam,
483 3008 552 3070 ciam
563 3031 647 3069 mane
660 3012 737 3070 facto
748 3010 785 3070 de
800 3031 902 3070 somno
914 3013 1053 3092 evigilans
1063 3016 1094 3073 in
1105 3015 1181 3074 lecto
1193 3036 1246 3074 suo
1258 3037 1298 3075 re·

292 3110 439 3178 uideret,
452 3120 482 3166 et
491 3111 574 3188 juxte
588 3107 830 3166 consuetudinem
844 3111 1104 3190 expergiscentium
1116 3113 1298 3191 protensione
1387 3148 1391 3156 ·

291 3205 502 3266 «brachiorum
516 3217 545 3264 et
559 3205 673 3264 assidat
687 3205 855 3265 oscitatione
867 3206 904 3264 ad
915 3207 1131 3268 discutiendum
1140 3230 1297 3268 marcorem

291 3329 304 3358 «
319 3324 349 3362 se
364 3301 549 3374 extenderet,
564 3321 597 3359 os
611 3301 711 3381 paullo
726 3300 893 3374 diductius,
908 3302 998 3382 quim
1013 3305 1156 3376 debehat,
1170 3308 1297 3386 apentit,

290 3400 529 3480 «disjunctisque
553 3401 638 3478 juxta
665 3419 749 3457 aures
775 3400 960 3458 maxillarum
990 3403 1193 3482 coagmentis,
1215 3405 1296 3477 biam

290 3524 304 3552 s
318 3500 402 3554 rictus
415 3496 545 3554 constitit
558 3495 734 3566 immobilis,
748 3515 803 3554 nec
816 3497 877 3575 jam
898 3517 930 3556 os
951 3497 1087 3558 claudere
1101 3500 1199 3566 valens
1209 3542 1217 3569 ‚
1225 3521 1296 3578 per-

290 3619 305 3648 «
319 3614 400 3652 sance
413 3589 503 3670 quim
515 3591 628 3651 homini
643 3593 765 3650 similior
780 3594 883 3652 effecta
896 3596 1075 3674 gravissimas
1088 3595 1211 3654 incautae
1226 3596 1298 3654 osci-

291 3717 305 3744 «
319 3690 436 3750 tationis
448 3709 547 3768 poenas
559 3689 693 3750 luebat.»
709 3691 757 3750 Sic
769 3711 840 3771 ergo
856 3712 892 3750 ex
911 3713 946 3762 eo
959 3693 1026 3751 loco
1040 3693 1155 3771 egregio
1168 3697 1185 3751 J
1186 3693 1297 3752 uvenali

289 3790 383 3847 lacent
395 3787 540 3846 allucente
554 3786 694 3844 discimus
705 3807 848 3864 personas
859 3809 988 3868 semper,
1002 3801 1052 3848 aut
1066 3790 1167 3848 saltem
1182 3803 1217 3848 ut
1230 3790 1295 3868 plu·

285 3885 417 3955 rimam,
430 3885 501 3942 rictu
513 3883 613 3941 Monte
628 3893 659 3942 et
671 3896 771 3964 aperto
785 3885 867 3962 fictas
884 3885 1086 3968 fuisse;‚qu0d
1104 3899 1134 3948 et
1153 3886 1297 3968 hodieque
