2922 4672
227 413 287 458 100
375 391 440 454 ns
465 391 533 456 11s
558 391 649 475 Qui
674 391 729 460 ru
753 391 1060 462 ruvsuansu

693 541 762 608 XI.

402 691 706 750 TREODORUS
731 692 1042 752 PULMANNUS.

258 848 436 907 Pulmannus
458 850 662 927 (Poelmaun)
681 869 698 906 a
718 849 890 928 pannificio,
905 849 987 928 quod
1001 850 1130 927 primum
1143 867 1229 908 exer·

219 959 317 1006 cuerat
325 945 362 1004 ad
369 945 559 1026 philologiam
569 945 692 1004 musiit.
703 949 738 1004 In
747 945 856 1006 multos
864 957 997 1004 auctores
1005 946 1139 1004 classicos
1146 958 1231 1004 notas

218 1044 342 1121 scripsit,
351 1062 411 1100 nou
421 1041 542 1122 quidem
553 1061 589 1100 ex
599 1041 717 1122 ingenio
727 1043 818 1120 ipsius
827 1041 985 1121 profectas,
996 1041 1047 1100 sed
1057 1062 1093 1100 ex
1104 1041 1230 1099 aliorum

208 1123 331 1217 =scriptis
348 1149 515 1218 excerptam
532 1150 575 1209 et,
589 1156 626 1195 ne
645 1149 724 1196 extra
739 1137 908 1196 Juvenalem
923 1137 1121 1216 egrediamur,
1135 1137 1230 1196 multa

215 1235 319 1294 debuit
325 1233 462 1294 Turnebo
473 1247 503 1294 et
510 1233 656 1294 Hadriano
669 1235 758 1293 Junio
769 1234 883 1295 medico
893 1247 922 1292 et
933 1233 1113 1314 philologico
1120 1237 1227 1293 Batavo

213 1332 967 1414 cujusnotasintegrasineditionePlantiniana,anuo
980 1331 1226 1402 1565,iuseruisse

213 1450 273 1488 non
284 1432 345 1488 sine
357 1421 502 1508 probabili
513 1429 625 1488 ratione
641 1429 801 1509 conjiciunt
815 1429 916 1488 critici.
929 1434 1086 1498 Praeterea,
1099 1440 1227 1506 quatuor

211 1525 299 1584 codd.
310 1527 393 1584 MSS.
402 1545 473 1582 usus
483 1539 543 1597 est,
555 1545 682 1604 quorum
692 1513 804 1603 primus
812 1527 1048 1602 Noviomagensis
1056 1523 1225 1603 designatur

210 1625 242 1681 in
256 1623 333 1680 uotis
348 1621 443 1679 littera
456 1625 502 1691 N,
515 1619 660 1680 secundus
677 1621 770 1699 ipsius
787 1624 949 1680 Pulmanm'
958 1621 1053 1681 littera
1068 1625 1105 1692 P,
1121 1623 1224 1681 tertius

211 1719 368 1794 Miggrodii
379 1717 475 1776 littera
488 1721 536 1790 Μ,
551 1729 671 1794 quamtis
687 1719 771 1788 Iunii
784 1715 918 1774 litteral.
933 1717 1151 1776 Existimatione
1163 1718 1223 1776 ali-

117 1841 118 1846 *
210 1836 269 1894 qua
287 1813 426 1874 fruuntur
439 1826 516 1872 notae
529 1812 684 1872 Pulmanni
693 1813 695 1820 '
704 1831 756 1871 seu
771 1813 868 1883 iunii,
882 1825 917 1871 ut
928 1813 1025 1888 voles3
1040 1833 1140 1893 paucae
1154 1828 1224 1874 sunt

209 1910 344 1990 quidem,
353 1909 405 1971 sed
413 1909 507 1968 docta
515 1921 545 1968 et
555 1909 705 1986 exquisita
715 1929 722 1965 :
732 1921 885 1988 praterea,
894 1910 1025 1970 recensio
1033 1911 1133 1988 primae
1142 1923 1172 1969 st
1181 1931 1222 1970 se·

209 2007 313 2066 cundae
325 2007 488 2066 editionum
499 2005 744 2064 Plautinianarum
758 2026 774 2063 a
787 2006 951 2065 Pulmanno
963 2005 1037 2065 facta
1047 2008 1164 2086 optimae
1175 2023 1222 2071 est

207 2117 293 2162 uotae.
308 2107 337 2162 Is
353 2103 442 2181 igitur
456 2103 562 2181 dignus
577 2102 649 2160 mihi
662 2102 795 2174 videtur,
809 2103 861 2180 qui
881 2121 898 2160 a
910 2102 979 2160 viris
996 2101 1090 2161 doctis
1103 2105 1220 2184 pervol—

205 2215 291 2260 vatur
303 2215 391 2280 ctque
406 2197 584 2259 consulatur.
600 2200 756 2279 Praecipuae
770 2199 858 2279 hujus
871 2199 1013 2260 editiones
1029 2212 1096 2260 sunt
1107 2200 1219 2260 Plauti-

206 2298 298 2357 uianae
312 2317 379 2358 ann.
399 2297 595 2367 1565‚1566,
613 2296 698 2355 1565.
1204 2307 1208 2318 ’

660 2457 753 2522 XII.

137 2667 140 2671 ,
197 2677 202 2700 .·
280 2601 546 2666 FEDERICUS
575 2608 789 2666 CERUTUS
817 2609 1120 2672 VERONENSIS.

198 2789 200 2795 ’
247 2765 353 2823 Unum'
371 2783 407 2824 ex
431 2767 494 2844 ejus
521 2763 609 2822 codd.
637 2767 719 2824 MSS.
746 2763 888 2824 hahemus
913 2767 1138 2846 (Mazarineum
1163 2773 1213 2842 ΙΙ,

198 2861 231 2919 u‘
249 2861 348 2938 0281)
362 2882 371 2932 3
393 2860 444 2918 sed
462 2860 673 2940 paraphrastica
692 2862 890 2940 interpretatio
906 2865 971 2942 ejus
986 2883 1045 2924 non
1062 2865 1093 2924 in
1108 2886 1212 2926 manus

200 2969 314 3016 nostras
327 2955 429 3016 incidit
441 2941 606 3034 fldeoque,
620 2957 761 3037 ajudicio
784 2958 904 3018 ferendo
925 2958 1143 3020 abstinebimus.
1167 2965 1213 3021 Ita

105 3113 109 3122 ,
199 3052 248 3112 Al.
270 3051 410 3132 Ruperti,
423 3055 457 3111 T.
474 3055 506 3122 1,
520 3052 633 3131 Proleg.
657 3072 688 3131 p.
712 3055 795 3112 ccxi:
814 3057 906 3113 «Haec
928 3054 1018 3116 editio
1033 3056 1117 3134 (scil.
1138 3058 1210 3118 Fed.

195 3171 213 3202 a
226 3148 346 3227 Ceruti)
366 3147 484 3207 nullum
506 3147 594 3207 habet
616 3169 704 3208 usum
724 3151 875 3221 criticum,
895 3171 991 3230 neque
1013 3153 1211 3231 interpretatio

196 3269 211 3298 a
223 3249 317 3324 poetae
328 3244 412 3303 valde
421 3246 542 3325 juvatur
552 3244 737 3324 paraphrasi,
750 3266 816 3324 quae
828 3259 924 3304 tamea
936 3231 1076 3327 Augustis
1087 3249 1204 3308 Vindel.

136 3342 138 3348 '
198 3367 211 3394 a
227 3341 319 3419 1599,
334 3343 409 3401 1600
425 3354 454 3400 et
471 3341 545 3400 1603
559 3342 682 3421 repetita
695 3356 748 3400 est.
761 3342 825 3400 Tali
838 3362 958 3422 quoque
970 3340 1137 3424 paraphrasi
1150 3351 1209 3405 Ce-

197 3463 210 3492 a
222 3451 306 3496 rutus
317 3438 474 3517 Virgilium
485 3451 515 3496 et
525 3439 679 3496 Horatium
691 3438 836 3497 illustrare
848 3451 892 3497 est
903 3452 1034 3498 conatus.
1046 3445 1122 3499 Eam
1132 3447 1209 3500 ultra

196 3539 368 3593 «verbalem
386 3537 621 3606 constructionem
643 3555 710 3592 raro
730 3555 896 3612 assurgere,
907 3539 970 3617 jam
990 3540 1105 3598 monuit
1125 3543 1207 3600 Hen-

196 3649 326 3690 «mmus.
337 3657 350 3684 »
411 3651 417 3660 “

582 3671 584 3675 ’
631 3711 752 3776 1111.
837 3707 840 3714 ·

393 3862 712 3950 ,ammanus
739 3824 977 3930 nostrus.

231 4011 366 4072 Lubinus
380 4012 411 4072 in
425 4011 795 4094 Rostochiepsidcademin
805 4012 953 4091 professus
962 4023 1007 4074 est
1018 4013 1205 4076 humaniores
