2922 4672
340 395 373 464 N
381 391 514 464 o't'As
537 395 594 465 IN
615 387 947 466 iniunctum
1098 377 1158 456 133

141 519 259 598 Lipsius
281 532 380 586 tamen
398 515 546 582 'ultimum
572 523 651 581 hunc
675 539 792 582 versum
817 523 858 580 ita
883 539 920 580 cx
943 518 1042 578 ceteri·
1059 516 1160 576 codice

142 618 290 689 restituit3
1107 623 1111 634 '

258 729 264 736 ·
320 701 352 748 Et
362 699 429 750 latus
439 700 550 774 mediam
564 701 650 751 sulcus
664 699 761 762 diducit
772 715 878 750 uenam.
932 748 936 756 ,
950 767 978 824 Η

144 902 172 944 v.
195 879 267 945 158.
292 881 358 964 Qui
371 880 463 948 dedit
475 905 552 974 ergo
567 881 672 948 tribus
684 883 807 974 patruis
821 881 964 964 aconita,
976 871 1110 946 vehatur

292 977 476 1044 Pensilibus
489 979 618 1068 plumis.
632 979 654 1068 ]

180 1101 229 1158 An
238 1099 421 1178 Tigellinus?
433 1121 493 1160 non
507 1115 600 1180 puto,
615 1101 665 1159 sed
677 1101 753 1160 alius
763 1101 911 1180 quipiam,
924 1099 1047 1158 vehatur
1057 1097 1160 1156 lectici

139 1197 238 1274 jacens
250 1196 281 1254 in
293 1195 394 1276 pluma
405 1217 438 1256 ac
452 1197 601 1276 pulvillis,
609 1203 625 1256 J
627 1195 744 1258 uvenali
757 1199 914 1277 respondet
926 1197 1016 1266 alius,
1028 1193 1096 1254 ciam
1109 1195 1165 1254 illc

142 1293 305 1363 veneficus,
318 1313 409 1372 quem
430 1293 521 1364 dicis,
537 1307 671 1376 occurret
694 1295 763 1366 tibi,
784 1308 863 1366 tace,
878 1315 946 1354 nam
966 1295 1018 1372 qui
1034 1293 1160 1352 verbum*

145 1387 201 1446 hoc
217 1400 333 1447 tantum
347 1387 471 1461 dixerit,
486 1391 532 1448 hic
548 1405 606 1460 est,
622 1391 750 1450 nefarius
770 1391 896 1462 scilieet,
908 1383 1073 1461 homicida,
1088 1389 1113 1446 is
1125 1398 1167 1468 ut
1247 1382 1255 1391 ’

143 1496 294 1544 accusator
307 1485 371 1563 ejus
383 1486 564 1564 gravissimas
577 1504 677 1566 poenas
691 1487 763 1545 luet.
781 1489 818 1544 H.
849 1525 861 1554 0

144 1597 173 1664 ν’.
196 1599 267 1664 162.
291 1599 429 1665 Securus
444 1601 518 1666 licet
531 1603 674 1666 Aeneam
687 1602 890 1691 Rutilumque
902 1601 1044 1692 ferocem

286 1700 494 1782 Committas,
508 1700 590 1788 etc]
684 1725 686 1728 ·
1095 1693 1099 1702 ’

139 1802 141 1806 .
180 1821 283 1880 Plures
304 1821 364 1892 ita,
379 1820 465 1880 male.
485 1822 545 1893 Sed
562 1823 707 1902 Rigaltius
728 1836 758 1882 et
776 1827 952 1902 Grangaeus‚
966 1825 1161 1897 Rutulumque

136 1917 288 1992 ferocem,
310 1917 342 1974 id
366 1929 427 1996 est,
446 1922 600 1990 Turnum,
620 1919 713 1989 bene,
732 1932 767 1978 ut
789 1932 819 1978 et
842 1939 897 1998 ego
922 1919 1037 1998 pridem
1060 1919 1162 1997 conjc-·

142 2033 250 2077 cctam.
267 2017 305 2075 H.

142 2151 172 2194 v.
194 2128 256 2196 168
257 2175 600 2196 ...........
625 2132 747 2196 Tecum
761 2130 861 2220 prius
866 2131 1066 2220 ergovoluta

238 2225 369 2296 liceo
386 2230 497 2296 anime
515 2245 590 2294 ante
607 2231 731 2294 tubam.
744 2229 756 2316 ]

155 2351 231 2406 ‘lta
246 2349 323 2408 enim
335 2349 493 2430 legendum
508 2364 568 2424 est,
584 2365 644 2410 n'on
657 2353 777 2408 anime:
792 2351 945 2409 nonenim
961 2353 1047 2430 poita
1060 2351 1170 2428 loqui-3

81 2443 84 2450 ‘
144 2433 210 2516 tur,
224 2446 275 2503 sed
295 2446 370 2504 alius
388 2449 551 2526 alloquitur
565 2451 785 2526 poitcmtnam
806 2450 956 2506 animante
976 2449 1047 2504 tubd
1067 2448 1160 2524 Lipsii

141 2541 263 2622 vapulet
276 2543 327 2622 (id
338 2556 412 2602 essct
421 2546 482 2624 jam
495 2557 715 2603 concertatoriis
723 2543 752 2623 );
767 2556 834 2604 'ante
847 2545 966 2614 tubam,
978 2543 1080 2615 idest,
1092 2556 1164 2602 ante

142 2640 277 2717 praelium
288 2640 367 2709 ,hoc
381 2653 439 2712 est,
452 2641 608 2722 antequaim
622 2643 779 2722 accingaris
792 2641 829 2700 ad
841 2642 954 2700 satiram
965 2684 974 2713 ,
987 2641 1167 2698 haecomnia·

142 2735 272 2814 pericula
290 2755 358 2814 quae
377 2736 498 2795 satiricis
518 2725 708 2816 impendent,
723 2739 822 2798 animo
836 2737 980 2817 praecipe,
995 2737 1162 2814 goleautnr,

143 2845 288 2890 armatum
304 2852 370 2914 sero
388 2833 482 2894 duelli
498 2835 637 2914 poenitet,
651 2835 682 2892 id
693 2847 748 2892 est
759 2879 767 2905 ‚
777 2835 859 2894 belli
873 2853 937 2892 aero
953 2818 1076 2912 poenitet
1090 2853 1160 2892 eum

145 2931 196 3006 qui
206 2949 318 2988 nomen
329 2931 411 2989 dedit
422 2944 451 2989 et
462 2952 541 2990 arma
553 2933 688 3012 sumpsit.
701 2935 777 2990 Bene
788 2931 876 3002 dicis,
889 2930 1047 3010 respondet
1056 2923 1160 3009 pocta,

143 3027 275 3106 experiar
286 3029 387 3105 itaque
401 3029 474 3107 quid
489 3028 568 3102 mihi
576 3041 605 3087 et
618 3028 751 3087 versibus
764 3029 837 3086 meis
849 3029 925 3107 juris
938 3027 1116 3086 concedatur
1128 3027 1160 3083 in

142 3133 292 3195 mortuom
307 3125 363 3182 hos
372 3117 454 3183 'enim
465 3125 503 3184 ad
515 3126 718 3186 declinandam
730 3139 760 3184 et
770 3117 910 3193 invidiam
925 3125 1069 3185 etodium
1081 3123 1167 3183 solos.

143 3231 208 3280 suni
225 3223 290 3280 ariis
300 3223 449 3282 coloribus
462 3223 642 3302 depicturus.
658 3227 698 3282 Η.

156 3413 175 3542 ζ,
263 3431 422 3538 usurus
441 3461 492 3520 ιιι
514 3464 731 3522 snrrunu
758 3439 1048 3546 Ιειιοίιιιιιιιιιι,
1132 3447 1134 3450 ’
1165 3421 1167 3427 ’

143 3625 180 3672 v.
196 3610 229 3674 6.
256 3605 291 3674 Si
304 3613 377 3698 quis
390 3611 596 3674 Aristotelem
611 3611 766 3694 similem,
779 3611 831 3675 vel
845 3609 992 3679 Pittacon
1006 3612 1101 3692 emit,
1167 3619 1169 3624 '

156 3699 163 3732 ²
231 3707 297 3770 Et
310 3708 404 3802 jubet
419 3707 610 3794 archetypos
621 3729 647 3794 p
648 3705 768 3787 luteum
785 3729 910 3772 servare
923 3707 1103 3772 Cleanthas.
1116 3705 1128 3796 ]

157 3799 279 3924 ¹¹Lego:
289 3833 394 3908 Saqutc
402 3832 600 3899 Amtotelem
614 3831 736 3906 similem
748 3834 800 3887 vel
808 3832 945 3888 Pittacon
956 3845 1048 3903 emit
1058 3829 1089 3888 td
1101 3841 1166 3899 cst,
1254 3845 1257 3854 ’

128 4007 133 4014 V
146 3917 272 3988 similem
284 3921 450 3990 Aristotelis
464 3927 595 3984 Pittacon
608 3926 711 3996 vultu,
723 3920 770 3984 vel
785 3926 904 4005 potius:

326 4029 352 4078 si
366 4027 423 4094 quis
434 4025 595 4078 Aristotelem
602 4060 617 4090 ,
621 4024 736 4086 Sitnictu,
745 4025 785 4075 ecl
795 4025 917 4088 Pittacon
920 4005 996 4076 onii
