<?xml version="1.0" encoding="UTF-8"?>
<!DOCTYPE html PUBLIC "-//W3C//DTD XHTML 1.0 Transitional//EN"
    "http://www.w3.org/TR/xhtml1/DTD/xhtml1-transitional.dtd">
<html xmlns="http://www.w3.org/1999/xhtml" xml:lang="en" lang="en">
 <head>
  <title>
</title>
<meta http-equiv="Content-Type" content="text/html;charset=utf-8" />
  <meta name='ocr-system' content='tesseract 3.04.00' />
  <meta name='ocr-capabilities' content='ocr_page ocr_carea ocr_par ocr_line ocrx_word'/>
</head>
<body>
  <div class='ocr_page' id='page_1' title='image "./satirae00pithgoog_0095.png"; bbox 0 0 2922 4672; ppageno 0'>
   <div class='ocr_carea' id='block_1_1' title="bbox 278 343 1132 437">
    <p class='ocr_par' dir='ltr' id='par_1_1' title="bbox 278 343 1132 437">
     <span class='ocr_line' id='line_1_1' title="bbox 278 343 1132 437; baseline 0.013 -26"><span class='ocrx_word' id='word_1_1' title='bbox 278 343 321 412; x_wconf 80' lang='lat' dir='ltr'>ss</span> <span class='ocrx_word' id='word_1_2' title='bbox 419 344 1132 437; x_wconf 67' lang='lat' dir='ltr'>DEtISQUIINJUyE‘NALuM</span> 
     </span>
    </p>
   </div>
   <div class='ocr_carea' id='block_1_2' title="bbox 205 473 1384 1906">
    <p class='ocr_par' dir='ltr' id='par_1_2' title="bbox 205 473 1384 1906">
     <span class='ocr_line' id='line_1_2' title="bbox 290 473 1292 559; baseline 0.006 -27"><span class='ocrx_word' id='word_1_3' title='bbox 290 539 293 550; x_wconf 32' lang='lat'><strong><em>¹</em></strong></span> <span class='ocrx_word' id='word_1_4' title='bbox 314 473 544 526; x_wconf 50' lang='lat' dir='ltr'>scedularum.</span> <span class='ocrx_word' id='word_1_5' title='bbox 596 480 632 534; x_wconf 88' lang='lat' dir='ltr'>V.</span> <span class='ocrx_word' id='word_1_6' title='bbox 651 481 854 558; x_wconf 76' lang='lat' dir='ltr'>192.A1uroe.]</span> <span class='ocrx_word' id='word_1_7' title='bbox 866 479 1292 559; x_wconf 73' lang='lat' dir='ltr'>Alutevocatnrpellieceprea</span> 
     </span>
     <span class='ocr_line' id='line_1_3' title="bbox 288 553 1289 636; baseline 0.006 -8"><span class='ocrx_word' id='word_1_8' title='bbox 288 553 292 560; x_wconf 34' lang='lat'>²</span> <span class='ocrx_word' id='word_1_9' title='bbox 557 573 665 630; x_wconf 82' lang='lat' dir='ltr'>aluteo</span> <span class='ocrx_word' id='word_1_10' title='bbox 676 574 784 632; x_wconf 88' lang='lat' dir='ltr'>colore.</span> <span class='ocrx_word' id='word_1_11' title='bbox 798 581 838 634; x_wconf 90' lang='lat' dir='ltr'>Ut</span> <span class='ocrx_word' id='word_1_12' title='bbox 850 589 947 633; x_wconf 86' lang='lat' dir='ltr'>autern</span> <span class='ocrx_word' id='word_1_13' title='bbox 958 577 1191 635; x_wconf 75' lang='lat' dir='ltr'>discernerentur</span> <span class='ocrx_word' id='word_1_14' title='bbox 1200 577 1289 636; x_wconf 90' lang='lat' dir='ltr'>nobi-</span> 
     </span>
     <span class='ocr_line' id='line_1_4' title="bbox 556 667 1291 750; baseline 0.008 -25"><span class='ocrx_word' id='word_1_15' title='bbox 556 667 599 726; x_wconf 85' lang='lat' dir='ltr'>les</span> <span class='ocrx_word' id='word_1_16' title='bbox 612 669 649 727; x_wconf 84' lang='lat' dir='ltr'>ah</span> <span class='ocrx_word' id='word_1_17' title='bbox 662 671 855 748; x_wconf 85' lang='lat' dir='ltr'><strong>ignobilibus,</strong></span> <span class='ocrx_word' id='word_1_18' title='bbox 869 674 981 750; x_wconf 87' lang='lat' dir='ltr'>patricii</span> <span class='ocrx_word' id='word_1_19' title='bbox 995 693 1012 730; x_wconf 80' lang='lat' dir='ltr'><strong>a</strong></span> <span class='ocrx_word' id='word_1_20' title='bbox 1026 673 1158 740; x_wconf 82' lang='lat' dir='ltr'>novitiis,</span> <span class='ocrx_word' id='word_1_21' title='bbox 1171 674 1291 732; x_wconf 82' lang='lat' dir='ltr'>substre-</span> 
     </span>
     <span class='ocr_line' id='line_1_5' title="bbox 556 765 1289 847; baseline 0.008 -25"><span class='ocrx_word' id='word_1_22' title='bbox 556 765 642 823; x_wconf 84' lang='lat' dir='ltr'>betur</span> <span class='ocrx_word' id='word_1_23' title='bbox 666 767 751 844; x_wconf 91' lang='lat' dir='ltr'>pellis</span> <span class='ocrx_word' id='word_1_24' title='bbox 775 787 868 847; x_wconf 82' lang='lat' dir='ltr'>ceprae</span> <span class='ocrx_word' id='word_1_25' title='bbox 893 770 933 827; x_wconf 87' lang='lat' dir='ltr'>in·</span> <span class='ocrx_word' id='word_1_26' title='bbox 947 769 1025 827; x_wconf 82' lang='lat' dir='ltr'>calce</span> <span class='ocrx_word' id='word_1_27' title='bbox 1049 769 1235 828; x_wconf 78' lang='lat' dir='ltr'><strong>calceamenti</strong></span> <span class='ocrx_word' id='word_1_28' title='bbox 1256 770 1289 828; x_wconf 90' lang='lat' dir='ltr'>in</span> 
     </span>
     <span class='ocr_line' id='line_1_6' title="bbox 555 862 1384 943; baseline 0.004 -23"><span class='ocrx_word' id='word_1_29' title='bbox 555 862 678 921; x_wconf 87' lang='lat' dir='ltr'>modurn</span> <span class='ocrx_word' id='word_1_30' title='bbox 690 863 785 934; x_wconf 85' lang='lat' dir='ltr'>lunae,</span> <span class='ocrx_word' id='word_1_31' title='bbox 798 886 851 942; x_wconf 87' lang='lat' dir='ltr'>per</span> <span class='ocrx_word' id='word_1_32' title='bbox 861 865 942 942; x_wconf 90' lang='lat' dir='ltr'>quod</span> <span class='ocrx_word' id='word_1_33' title='bbox 954 866 1062 924; x_wconf 84' lang='lat' dir='ltr'>nobilis</span> <span class='ocrx_word' id='word_1_34' title='bbox 1071 865 1287 943; x_wconf 73' lang='lat' dir='ltr'>designabatur.</span> <span class='ocrx_word' id='word_1_35' title='bbox 1378 901 1384 906; x_wconf 92' lang='lat'>-</span> 
     </span>
     <span class='ocr_line' id='line_1_7' title="bbox 594 961 1288 1041; baseline 0.004 -25"><span class='ocrx_word' id='word_1_36' title='bbox 594 962 632 1016; x_wconf 90' lang='lat' dir='ltr'>V.</span> <span class='ocrx_word' id='word_1_37' title='bbox 652 961 717 1034; x_wconf 78' lang='lat'><strong>193.</strong></span> <span class='ocrx_word' id='word_1_38' title='bbox 733 965 916 1032; x_wconf 58' lang='lat' dir='ltr'>Iocularem]</span> <span class='ocrx_word' id='word_1_39' title='bbox 931 961 965 1018; x_wconf 94' lang='lat' dir='ltr'>Id</span> <span class='ocrx_word' id='word_1_40' title='bbox 984 975 1043 1033; x_wconf 85' lang='lat' dir='ltr'>est,</span> <span class='ocrx_word' id='word_1_41' title='bbox 1056 965 1175 1041; x_wconf 83' lang='lat' dir='ltr'>jocosus</span> <span class='ocrx_word' id='word_1_42' title='bbox 1190 974 1219 1019; x_wconf 92' lang='lat' dir='ltr'>et</span> <span class='ocrx_word' id='word_1_43' title='bbox 1233 983 1288 1019; x_wconf 89' lang='lat' dir='ltr'>ur-</span> 
     </span>
     <span class='ocr_line' id='line_1_8' title="bbox 554 1053 1291 1136; baseline 0.001 -22"><span class='ocrx_word' id='word_1_44' title='bbox 554 1053 648 1114; x_wconf 80' lang='lat' dir='ltr'>banus</span> <span class='ocrx_word' id='word_1_45' title='bbox 658 1097 666 1125; x_wconf 97' lang='lat'>,</span> <span class='ocrx_word' id='word_1_46' title='bbox 675 1056 732 1132; x_wconf 87' lang='lat' dir='ltr'>qui</span> <span class='ocrx_word' id='word_1_47' title='bbox 746 1056 830 1114; x_wconf 87' lang='lat' dir='ltr'>facile</span> <span class='ocrx_word' id='word_1_48' title='bbox 844 1058 1055 1134; x_wconf 75' lang='lat' dir='ltr'>quaestionibus</span> <span class='ocrx_word' id='word_1_49' title='bbox 1068 1057 1243 1136; x_wconf 84' lang='lat' dir='ltr'>respondet,</span> <span class='ocrx_word' id='word_1_50' title='bbox 1259 1069 1291 1115; x_wconf 93' lang='lat' dir='ltr'>et</span> 
     </span>
     <span class='ocr_line' id='line_1_9' title="bbox 554 1150 1290 1233; baseline 0.005 -25"><span class='ocrx_word' id='word_1_51' title='bbox 554 1150 712 1232; x_wconf 79' lang='lat' dir='ltr'>verborum</span> <span class='ocrx_word' id='word_1_52' title='bbox 728 1153 811 1230; x_wconf 86' lang='lat' dir='ltr'>copia</span> <span class='ocrx_word' id='word_1_53' title='bbox 830 1154 920 1212; x_wconf 81' lang='lat' dir='ltr'>fretus</span> <span class='ocrx_word' id='word_1_54' title='bbox 934 1153 1031 1233; x_wconf 78' lang='lat' dir='ltr'>jacula</span> <span class='ocrx_word' id='word_1_55' title='bbox 1052 1154 1225 1232; x_wconf 76' lang='lat' dir='ltr'>eloquentiae</span> <span class='ocrx_word' id='word_1_56' title='bbox 1241 1155 1290 1212; x_wconf 92' lang='lat' dir='ltr'>in-</span> 
     </span>
     <span class='ocr_line' id='line_1_10' title="bbox 556 1248 1291 1330; baseline 0.004 -25"><span class='ocrx_word' id='word_1_57' title='bbox 556 1260 684 1326; x_wconf 87' lang='lat' dir='ltr'>torquet,</span> <span class='ocrx_word' id='word_1_58' title='bbox 692 1248 823 1328; x_wconf 77' lang='lat' dir='ltr'>eliosque</span> <span class='ocrx_word' id='word_1_59' title='bbox 832 1250 955 1308; x_wconf 85' lang='lat' dir='ltr'>irridens</span> <span class='ocrx_word' id='word_1_60' title='bbox 963 1252 1035 1310; x_wconf 78' lang='lat' dir='ltr'>alios</span> <span class='ocrx_word' id='word_1_61' title='bbox 1045 1251 1171 1310; x_wconf 85' lang='lat' dir='ltr'>laetificat</span> <span class='ocrx_word' id='word_1_62' title='bbox 1178 1273 1186 1323; x_wconf 91' lang='lat'>;</span> <span class='ocrx_word' id='word_1_63' title='bbox 1198 1271 1291 1330; x_wconf 89' lang='lat' dir='ltr'>quem</span> 
     </span>
     <span class='ocr_line' id='line_1_11' title="bbox 556 1344 1047 1406; baseline 0 -2"><span class='ocrx_word' id='word_1_64' title='bbox 556 1344 614 1404; x_wconf 77' lang='lat' dir='ltr'>alio</span> <span class='ocrx_word' id='word_1_65' title='bbox 628 1346 746 1406; x_wconf 85' lang='lat' dir='ltr'>nomine</span> <span class='ocrx_word' id='word_1_66' title='bbox 760 1344 886 1406; x_wconf 82' lang='lat' dir='ltr'>facetum</span> <span class='ocrx_word' id='word_1_67' title='bbox 899 1365 1047 1406; x_wconf 85' lang='lat' dir='ltr'>vocemus.</span> 
     </span>
     <span class='ocr_line' id='line_1_12' title="bbox 205 1429 1293 1521; baseline 0.003 -25"><span class='ocrx_word' id='word_1_68' title='bbox 205 1429 207 1432; x_wconf 34' lang='lat'>¹</span> <span class='ocrx_word' id='word_1_69' title='bbox 287 1502 289 1510; x_wconf 64' lang='lat'><strong>.</strong></span> <span class='ocrx_word' id='word_1_70' title='bbox 312 1461 434 1510; x_wconf 53' lang='grc' dir='ltr'><strong>Μαι),</strong></span> <span class='ocrx_word' id='word_1_71' title='bbox 448 1461 481 1508; x_wconf 67' lang='lat' dir='ltr'>,d</span> <span class='ocrx_word' id='word_1_72' title='bbox 597 1445 634 1498; x_wconf 89' lang='lat' dir='ltr'>V.</span> <span class='ocrx_word' id='word_1_73' title='bbox 655 1462 722 1500; x_wconf 77' lang='lat' dir='ltr'>nur.</span> <span class='ocrx_word' id='word_1_74' title='bbox 742 1444 1009 1518; x_wconf 27' lang='lat' dir='ltr'>[mulor‘hybemoe</span> <span class='ocrx_word' id='word_1_75' title='bbox 1028 1447 1141 1521; x_wconf 76' lang='lat' dir='ltr'>tegetis„</span> <span class='ocrx_word' id='word_1_76' title='bbox 1161 1445 1293 1520; x_wconf 78' lang='lat' dir='ltr'>niveique</span> 
     </span>
     <span class='ocr_line' id='line_1_13' title="bbox 277 1532 1293 1618; baseline 0.006 -28"><span class='ocrx_word' id='word_1_77' title='bbox 277 1532 434 1581; x_wconf 78' lang='lat' dir='ltr'>Juvenalem.</span> <span class='ocrx_word' id='word_1_78' title='bbox 559 1538 825 1614; x_wconf 77' lang='lat' dir='ltr'>cadurci.]1dest,</span> <span class='ocrx_word' id='word_1_79' title='bbox 842 1541 1024 1617; x_wconf 80' lang='lat' dir='ltr'>negociator,</span> <span class='ocrx_word' id='word_1_80' title='bbox 1040 1543 1092 1618; x_wconf 90' lang='lat' dir='ltr'>qui</span> <span class='ocrx_word' id='word_1_81' title='bbox 1109 1542 1196 1598; x_wconf 87' lang='lat' dir='ltr'>instat</span> <span class='ocrx_word' id='word_1_82' title='bbox 1210 1539 1293 1597; x_wconf 89' lang='lat' dir='ltr'>indi-</span> 
     </span>
     <span class='ocr_line' id='line_1_14' title="bbox 560 1634 1293 1715; baseline 0.007 -26"><span class='ocrx_word' id='word_1_83' title='bbox 560 1634 666 1690; x_wconf 85' lang='lat' dir='ltr'>cationi</span> <span class='ocrx_word' id='word_1_84' title='bbox 688 1635 813 1707; x_wconf 86' lang='lat' dir='ltr'>vestium</span> <span class='ocrx_word' id='word_1_85' title='bbox 832 1648 861 1692; x_wconf 92' lang='lat' dir='ltr'>et</span> <span class='ocrx_word' id='word_1_86' title='bbox 881 1637 1094 1715; x_wconf 77' lang='lat' dir='ltr'>stragulorum,</span> <span class='ocrx_word' id='word_1_87' title='bbox 1113 1635 1171 1696; x_wconf 82' lang='lat' dir='ltr'>sive</span> <span class='ocrx_word' id='word_1_88' title='bbox 1193 1648 1293 1694; x_wconf 90' lang='lat' dir='ltr'>tento·</span> 
     </span>
     <span class='ocr_line' id='line_1_15' title="bbox 559 1703 1271 1830; baseline 0.006 -41"><span class='ocrx_word' id='word_1_89' title='bbox 559 1728 682 1830; x_wconf 59' lang='lat' dir='ltr'>ricqum.</span> <span class='ocrx_word' id='word_1_90' title='bbox 1232 1703 1271 1737; x_wconf 49' lang='lat' dir='ltr'><em>f</em></span> 
     </span>
     <span class='ocr_line' id='line_1_16' title="bbox 698 1847 895 1906; baseline 0.005 -2"><span class='ocrx_word' id='word_1_91' title='bbox 698 1847 766 1904; x_wconf 72' lang='lat' dir='ltr'>Str.</span> <span class='ocrx_word' id='word_1_92' title='bbox 795 1850 895 1906; x_wconf 86' lang='lat' dir='ltr'><strong>VlII.</strong></span> 
     </span>
    </p>
   </div>
   <div class='ocr_carea' id='block_1_3' title="bbox 278 1990 1294 2349">
    <p class='ocr_par' dir='ltr' id='par_1_3' title="bbox 278 1990 1294 2260">
     <span class='ocr_line' id='line_1_17' title="bbox 313 1990 1294 2078; baseline 0 -27"><span class='ocrx_word' id='word_1_93' title='bbox 313 2026 461 2078; x_wconf 50' lang='lat' dir='ltr'>mem</span> <span class='ocrx_word' id='word_1_94' title='bbox 474 2025 507 2076; x_wconf 42' lang='lat' dir='ltr'>ad</span> <span class='ocrx_word' id='word_1_95' title='bbox 599 1993 635 2046; x_wconf 90' lang='lat' dir='ltr'>V.</span> <span class='ocrx_word' id='word_1_96' title='bbox 651 1990 699 2048; x_wconf 86' lang='lat'>65.</span> <span class='ocrx_word' id='word_1_97' title='bbox 714 1993 904 2074; x_wconf 77' lang='lat' dir='ltr'>Epithedr&#39;a.]</span> <span class='ocrx_word' id='word_1_98' title='bbox 918 1999 1094 2054; x_wconf 77' lang='lat' dir='ltr'>Ornamenta</span> <span class='ocrx_word' id='word_1_99' title='bbox 1108 1995 1294 2073; x_wconf 73' lang='lat' dir='ltr'>plaustrello,</span> 
     </span>
     <span class='ocr_line' id='line_1_18' title="bbox 278 2081 1294 2170; baseline -0.001 -23"><span class='ocrx_word' id='word_1_100' title='bbox 278 2097 434 2148; x_wconf 82' lang='lat' dir='ltr'>Jnremlem.</span> <span class='ocrx_word' id='word_1_101' title='bbox 559 2083 619 2142; x_wconf 86' lang='lat' dir='ltr'>sive</span> <span class='ocrx_word' id='word_1_102' title='bbox 633 2085 669 2142; x_wconf 84' lang='lat' dir='ltr'>ad</span> <span class='ocrx_word' id='word_1_103' title='bbox 684 2109 787 2146; x_wconf 85' lang='lat' dir='ltr'>currus</span> <span class='ocrx_word' id='word_1_104' title='bbox 800 2081 899 2170; x_wconf 85' lang='lat' dir='ltr'>potius</span> <span class='ocrx_word' id='word_1_105' title='bbox 912 2092 1057 2150; x_wconf 86' lang='lat' dir='ltr'>ornandos</span> <span class='ocrx_word' id='word_1_106' title='bbox 1070 2091 1245 2162; x_wconf 81' lang='lat' dir='ltr'>necessaria,</span> <span class='ocrx_word' id='word_1_107' title='bbox 1261 2110 1294 2147; x_wconf 85' lang='lat' dir='ltr'>cc</span> 
     </span>
     <span class='ocr_line' id='line_1_19' title="bbox 474 2183 1292 2260; baseline 0.006 -22"><span class='ocrx_word' id='word_1_108' title='bbox 474 2183 479 2194; x_wconf 85' lang='lat'>&#39;</span> <span class='ocrx_word' id='word_1_109' title='bbox 547 2183 626 2260; x_wconf 49' lang='lat' dir='ltr'>*qu’il</span> <span class='ocrx_word' id='word_1_110' title='bbox 638 2183 714 2256; x_wconf 84' lang='lat' dir='ltr'>faut</span> <span class='ocrx_word' id='word_1_111' title='bbox 728 2207 811 2260; x_wconf 82' lang='lat' dir='ltr'>pour</span> <span class='ocrx_word' id='word_1_112' title='bbox 834 2191 1038 2245; x_wconf 83' lang='lat' dir='ltr'>accommoder</span> <span class='ocrx_word' id='word_1_113' title='bbox 1063 2190 1114 2245; x_wconf 88' lang='lat' dir='ltr'>des</span> <span class='ocrx_word' id='word_1_114' title='bbox 1138 2207 1292 2244; x_wconf 79' lang='lat' dir='ltr'>canocscs.</span> 
     </span>
    </p>

    <p class='ocr_par' dir='ltr' id='par_1_4' title="bbox 558 2279 1294 2349">
     <span class='ocr_line' id='line_1_20' title="bbox 558 2279 1294 2349; baseline 0.001 -14"><span class='ocrx_word' id='word_1_115' title='bbox 558 2279 685 2348; x_wconf 84' lang='lat' dir='ltr'>Quidam</span> <span class='ocrx_word' id='word_1_116' title='bbox 703 2281 762 2339; x_wconf 90' lang='lat' dir='ltr'>dici</span> <span class='ocrx_word' id='word_1_117' title='bbox 782 2283 885 2342; x_wconf 90' lang='lat' dir='ltr'>volunt</span> <span class='ocrx_word' id='word_1_118' title='bbox 910 2285 947 2341; x_wconf 86' lang='lat' dir='ltr'>ab</span> <span class='ocrx_word' id='word_1_119' title='bbox 971 2285 1010 2339; x_wconf 78' lang='lat' dir='ltr'>tri</span> <span class='ocrx_word' id='word_1_120' title='bbox 1035 2287 1134 2340; x_wconf 82' lang='lat' dir='ltr'>Graecu</span> <span class='ocrx_word' id='word_1_121' title='bbox 1153 2298 1245 2349; x_wconf 80' lang='lat' dir='ltr'>voce,</span> <span class='ocrx_word' id='word_1_122' title='bbox 1265 2292 1294 2337; x_wconf 90' lang='lat' dir='ltr'>et</span> 
     </span>
    </p>
   </div>
   <div class='ocr_carea' id='block_1_4' title="bbox 496 2376 1294 2542">
    <p class='ocr_par' dir='ltr' id='par_1_5' title="bbox 496 2376 1294 2542">
     <span class='ocr_line' id='line_1_21' title="bbox 559 2376 1294 2456; baseline 0.005 -26"><span class='ocrx_word' id='word_1_123' title='bbox 559 2377 651 2432; x_wconf 75' lang='lat' dir='ltr'>rheda</span> <span class='ocrx_word' id='word_1_124' title='bbox 669 2378 751 2455; x_wconf 88' lang='lat' dir='ltr'>quod</span> <span class='ocrx_word' id='word_1_125' title='bbox 767 2379 923 2438; x_wconf 82' lang='lat' dir='ltr'>barbarum</span> <span class='ocrx_word' id='word_1_126' title='bbox 943 2379 1101 2440; x_wconf 83' lang='lat' dir='ltr'>Gallorum</span> <span class='ocrx_word' id='word_1_127' title='bbox 1114 2376 1294 2456; x_wconf 74' lang='lat' dir='ltr'>vocabulum</span> 
     </span>
     <span class='ocr_line' id='line_1_22' title="bbox 496 2475 775 2542; baseline 0.004 -15"><span class='ocrx_word' id='word_1_128' title='bbox 496 2538 498 2542; x_wconf 23' lang='grc' dir='ltr'>Ι</span> <span class='ocrx_word' id='word_1_129' title='bbox 559 2483 612 2528; x_wconf 86' lang='lat' dir='ltr'>est.</span> <span class='ocrx_word' id='word_1_130' title='bbox 631 2475 775 2531; x_wconf 84' lang='lat' dir='ltr'>Carrosse.</span> 
     </span>
    </p>
   </div>
   <div class='ocr_carea' id='block_1_5' title="bbox 281 2559 1320 4100">
    <p class='ocr_par' dir='ltr' id='par_1_6' title="bbox 281 2559 1320 4100">
     <span class='ocr_line' id='line_1_23' title="bbox 316 2559 1297 2649; baseline 0.002 -25"><span class='ocrx_word' id='word_1_131' title='bbox 316 2593 481 2638; x_wconf 75' lang='lat' dir='ltr'>Eeommenr.</span> <span class='ocrx_word' id='word_1_132' title='bbox 597 2571 633 2625; x_wconf 91' lang='lat' dir='ltr'>V.</span> <span class='ocrx_word' id='word_1_133' title='bbox 647 2570 711 2640; x_wconf 82' lang='lat'><strong>137.</strong></span> <span class='ocrx_word' id='word_1_134' title='bbox 720 2559 877 2626; x_wconf 76' lang='lat' dir='ltr'>Parentum</span> <span class='ocrx_word' id='word_1_135' title='bbox 889 2571 1048 2649; x_wconf 68' lang='lat' dir='ltr'>nobilitas]</span> <span class='ocrx_word' id='word_1_136' title='bbox 1058 2574 1141 2628; x_wconf 87' lang='lat' dir='ltr'>Tunc</span> <span class='ocrx_word' id='word_1_137' title='bbox 1149 2582 1200 2628; x_wconf 83' lang='lat' dir='ltr'>tua</span> <span class='ocrx_word' id='word_1_138' title='bbox 1210 2569 1297 2628; x_wconf 84' lang='lat' dir='ltr'>nobi-</span> 
     </span>
     <span class='ocr_line' id='line_1_24' title="bbox 281 2661 1295 2746; baseline 0.004 -26"><span class='ocrx_word' id='word_1_139' title='bbox 281 2661 388 2711; x_wconf 61' lang='lat' dir='ltr'>oraria}</span> <span class='ocrx_word' id='word_1_140' title='bbox 559 2664 641 2734; x_wconf 83' lang='lat' dir='ltr'>litas,</span> <span class='ocrx_word' id='word_1_141' title='bbox 654 2677 683 2721; x_wconf 92' lang='lat' dir='ltr'>et</span> <span class='ocrx_word' id='word_1_142' title='bbox 694 2678 813 2722; x_wconf 89' lang='lat' dir='ltr'>tuorum</span> <span class='ocrx_word' id='word_1_143' title='bbox 826 2677 980 2744; x_wconf 87' lang='lat' dir='ltr'>parentum</span> <span class='ocrx_word' id='word_1_144' title='bbox 994 2667 1050 2724; x_wconf 87' lang='lat' dir='ltr'>erit</span> <span class='ocrx_word' id='word_1_145' title='bbox 1062 2680 1162 2725; x_wconf 84' lang='lat' dir='ltr'>contra</span> <span class='ocrx_word' id='word_1_146' title='bbox 1174 2680 1216 2737; x_wconf 90' lang='lat' dir='ltr'>te,</span> <span class='ocrx_word' id='word_1_147' title='bbox 1226 2667 1295 2746; x_wconf 81' lang='lat' dir='ltr'>quia</span> 
     </span>
     <span class='ocr_line' id='line_1_25' title="bbox 315 2758 873 2850; baseline 0.007 -34"><span class='ocrx_word' id='word_1_148' title='bbox 315 2803 336 2850; x_wconf 67' lang='lat' dir='ltr'>E</span> <span class='ocrx_word' id='word_1_149' title='bbox 349 2810 485 2850; x_wconf 85' lang='lat' dir='ltr'>comment.</span> <span class='ocrx_word' id='word_1_150' title='bbox 560 2758 664 2820; x_wconf 87' lang='lat' dir='ltr'>diceris</span> <span class='ocrx_word' id='word_1_151' title='bbox 677 2759 873 2840; x_wconf 74' lang='lat' dir='ltr'>degenerisse.</span> 
     </span>
     <span class='ocr_line' id='line_1_26' title="bbox 281 2859 1298 2940; baseline -0.001 -21"><span class='ocrx_word' id='word_1_152' title='bbox 281 2871 430 2920; x_wconf 82' lang='lat' dir='ltr'>omniboui.</span> <span class='ocrx_word' id='word_1_153' title='bbox 599 2861 636 2915; x_wconf 90' lang='lat' dir='ltr'>V.</span> <span class='ocrx_word' id='word_1_154' title='bbox 653 2859 719 2934; x_wconf 84' lang='lat'><strong>189.</strong></span> <span class='ocrx_word' id='word_1_155' title='bbox 736 2860 906 2938; x_wconf 56' lang='lat' dir='ltr'>Tn&#39;scurinj</span> <span class='ocrx_word' id='word_1_156' title='bbox 917 2861 1096 2940; x_wconf 83' lang='lat' dir='ltr'>Multiplices</span> <span class='ocrx_word' id='word_1_157' title='bbox 1110 2861 1298 2936; x_wconf 81' lang='lat' dir='ltr'>scurilitates,</span> 
     </span>
     <span class='ocr_line' id='line_1_27' title="bbox 472 2953 1296 3035; baseline 0.004 -23"><span class='ocrx_word' id='word_1_158' title='bbox 472 2961 475 2968; x_wconf 90' lang='lat'>&#39;</span> <span class='ocrx_word' id='word_1_159' title='bbox 562 2967 592 3012; x_wconf 87' lang='lat' dir='ltr'>ct</span> <span class='ocrx_word' id='word_1_160' title='bbox 602 2953 718 3011; x_wconf 88' lang='lat' dir='ltr'>finitum</span> <span class='ocrx_word' id='word_1_161' title='bbox 730 2955 886 3014; x_wconf 82' lang='lat' dir='ltr'>numerum</span> <span class='ocrx_word' id='word_1_162' title='bbox 898 2977 952 3034; x_wconf 91' lang='lat' dir='ltr'>pro</span> <span class='ocrx_word' id='word_1_163' title='bbox 964 2955 1077 3015; x_wconf 87' lang='lat' dir='ltr'>infinito</span> <span class='ocrx_word' id='word_1_164' title='bbox 1089 2960 1197 3035; x_wconf 88' lang='lat' dir='ltr'>posuit.</span> <span class='ocrx_word' id='word_1_165' title='bbox 1210 2963 1296 3016; x_wconf 90' lang='lat' dir='ltr'>Com·</span> 
     </span>
     <span class='ocr_line' id='line_1_28' title="bbox 562 3051 1296 3132; baseline 0.004 -24"><span class='ocrx_word' id='word_1_166' title='bbox 562 3051 691 3128; x_wconf 88' lang='lat' dir='ltr'>positum</span> <span class='ocrx_word' id='word_1_167' title='bbox 704 3063 747 3107; x_wconf 91' lang='lat' dir='ltr'>est</span> <span class='ocrx_word' id='word_1_168' title='bbox 758 3064 855 3110; x_wconf 82' lang='lat' dir='ltr'>autern</span> <span class='ocrx_word' id='word_1_169' title='bbox 870 3053 927 3110; x_wconf 93' lang='lat' dir='ltr'>hoc</span> <span class='ocrx_word' id='word_1_170' title='bbox 937 3053 1113 3111; x_wconf 83' lang='lat' dir='ltr'>vocabulum</span> <span class='ocrx_word' id='word_1_171' title='bbox 1125 3074 1141 3110; x_wconf 85' lang='lat' dir='ltr'><strong>a</strong></span> <span class='ocrx_word' id='word_1_172' title='bbox 1155 3057 1203 3110; x_wconf 74' lang='lat' dir='ltr'>tris</span> <span class='ocrx_word' id='word_1_173' title='bbox 1214 3054 1296 3132; x_wconf 84' lang='lat' dir='ltr'>quod</span> 
     </span>
     <span class='ocr_line' id='line_1_29' title="bbox 564 3135 1297 3228; baseline 0.005 -24"><span class='ocrx_word' id='word_1_174' title='bbox 564 3159 608 3204; x_wconf 91' lang='lat' dir='ltr'>est</span> <span class='ocrx_word' id='word_1_175' title='bbox 621 3160 691 3216; x_wconf 84' lang='lat' dir='ltr'>tres,</span> <span class='ocrx_word' id='word_1_176' title='bbox 707 3159 737 3205; x_wconf 93' lang='lat' dir='ltr'>et</span> <span class='ocrx_word' id='word_1_177' title='bbox 753 3150 870 3221; x_wconf 84' lang='lat' dir='ltr'>Curias,</span> <span class='ocrx_word' id='word_1_178' title='bbox 885 3135 951 3228; x_wconf 86' lang='lat' dir='ltr'>quae</span> <span class='ocrx_word' id='word_1_179' title='bbox 967 3150 1147 3208; x_wconf 81' lang='lat' dir='ltr'>nobilissima</span> <span class='ocrx_word' id='word_1_180' title='bbox 1161 3151 1217 3208; x_wconf 86' lang='lat' dir='ltr'>fuit</span> <span class='ocrx_word' id='word_1_181' title='bbox 1229 3170 1297 3208; x_wconf 89' lang='lat' dir='ltr'>me-</span> 
     </span>
     <span class='ocr_line' id='line_1_30' title="bbox 564 3243 1297 3328; baseline 0.003 -27"><span class='ocrx_word' id='word_1_182' title='bbox 564 3243 670 3301; x_wconf 86' lang='lat' dir='ltr'>retrix:</span> <span class='ocrx_word' id='word_1_183' title='bbox 686 3264 753 3302; x_wconf 90' lang='lat' dir='ltr'>nam</span> <span class='ocrx_word' id='word_1_184' title='bbox 768 3250 862 3316; x_wconf 73' lang='lat' dir='ltr'>cuno,</span> <span class='ocrx_word' id='word_1_185' title='bbox 880 3247 994 3324; x_wconf 91' lang='lat' dir='ltr'>quoties</span> <span class='ocrx_word' id='word_1_186' title='bbox 1009 3248 1132 3328; x_wconf 87' lang='lat' dir='ltr'>primam</span> <span class='ocrx_word' id='word_1_187' title='bbox 1141 3246 1297 3324; x_wconf 89' lang='lat' dir='ltr'>producit,</span> 
     </span>
     <span class='ocr_line' id='line_1_31' title="bbox 564 3338 1297 3420; baseline 0.004 -23"><span class='ocrx_word' id='word_1_188' title='bbox 564 3339 664 3397; x_wconf 89' lang='lat' dir='ltr'>Iocum</span> <span class='ocrx_word' id='word_1_189' title='bbox 677 3341 820 3420; x_wconf 81' lang='lat' dir='ltr'>¹significat</span> <span class='ocrx_word' id='word_1_190' title='bbox 835 3343 887 3400; x_wconf 90' lang='lat' dir='ltr'>ubi</span> <span class='ocrx_word' id='word_1_191' title='bbox 900 3338 1020 3402; x_wconf 80' lang='lat' dir='ltr'>Senatus</span> <span class='ocrx_word' id='word_1_192' title='bbox 1034 3356 1228 3402; x_wconf 82' lang='lat' dir='ltr'>convocatur:</span> <span class='ocrx_word' id='word_1_193' title='bbox 1244 3343 1297 3400; x_wconf 89' lang='lat' dir='ltr'>sed</span> 
     </span>
     <span class='ocr_line' id='line_1_32' title="bbox 566 3433 1298 3519; baseline 0.004 -26"><span class='ocrx_word' id='word_1_194' title='bbox 566 3433 776 3514; x_wconf 75' lang='lat' dir='ltr'>cumprimum</span> <span class='ocrx_word' id='word_1_195' title='bbox 795 3440 934 3519; x_wconf 86' lang='lat' dir='ltr'>corripit,</span> <span class='ocrx_word' id='word_1_196' title='bbox 953 3440 1134 3499; x_wconf 88' lang='lat' dir='ltr'>meretricem</span> <span class='ocrx_word' id='word_1_197' title='bbox 1152 3452 1247 3510; x_wconf 79' lang='lat' dir='ltr'>notet,</span> <span class='ocrx_word' id='word_1_198' title='bbox 1262 3452 1298 3496; x_wconf 87' lang='lat' dir='ltr'>ut</span> 
     </span>
     <span class='ocr_line' id='line_1_33' title="bbox 563 3533 1297 3614; baseline 0.001 -24"><span class='ocrx_word' id='word_1_199' title='bbox 563 3533 605 3590; x_wconf 72' lang='lat' dir='ltr'>‘eit</span> <span class='ocrx_word' id='word_1_200' title='bbox 619 3533 721 3592; x_wconf 86' lang='lat' dir='ltr'>Cicero</span> <span class='ocrx_word' id='word_1_201' title='bbox 733 3556 740 3590; x_wconf 90' lang='lat'>:</span> <span class='ocrx_word' id='word_1_202' title='bbox 751 3555 814 3590; x_wconf 48' lang='lat' dir='ltr'>¹nrm</span> <span class='ocrx_word' id='word_1_203' title='bbox 836 3550 897 3592; x_wconf 86' lang='lat' dir='ltr'>tam</span> <span class='ocrx_word' id='word_1_204' title='bbox 916 3541 1043 3614; x_wconf 79' lang='lat' dir='ltr'>sequitur</span> <span class='ocrx_word' id='word_1_205' title='bbox 1061 3540 1170 3593; x_wconf 68' lang='lat' dir='ltr'>cunum</span> <span class='ocrx_word' id='word_1_206' title='bbox 1178 3581 1188 3608; x_wconf 92' lang='lat'>,</span> <span class='ocrx_word' id='word_1_207' title='bbox 1206 3538 1297 3612; x_wconf 81' lang='lat' dir='ltr'>qiu&#39;zm</span> 
     </span>
     <span class='ocr_line' id='line_1_34' title="bbox 569 3631 1320 3710; baseline 0.003 -24"><span class='ocrx_word' id='word_1_208' title='bbox 569 3631 696 3686; x_wconf 80' lang='lat' dir='ltr'>Cun‘arn.</span> <span class='ocrx_word' id='word_1_209' title='bbox 717 3635 744 3687; x_wconf 81' lang='lat' dir='ltr'>A</span> <span class='ocrx_word' id='word_1_210' title='bbox 769 3632 855 3688; x_wconf 70' lang='lat' dir='ltr'>Currit</span> <span class='ocrx_word' id='word_1_211' title='bbox 877 3632 910 3689; x_wconf 86' lang='lat' dir='ltr'>fit</span> <span class='ocrx_word' id='word_1_212' title='bbox 931 3653 1047 3703; x_wconf 85' lang='lat' dir='ltr'>scurra,</span> <span class='ocrx_word' id='word_1_213' title='bbox 1067 3633 1150 3710; x_wconf 82' lang='lat' dir='ltr'>quasi</span> <span class='ocrx_word' id='word_1_214' title='bbox 1172 3651 1320 3709; x_wconf 82' lang='lat' dir='ltr'>sequens¹</span> 
     </span>
     <span class='ocr_line' id='line_1_35' title="bbox 569 3725 1300 3787; baseline 0.007 -6"><span class='ocrx_word' id='word_1_215' title='bbox 569 3725 792 3784; x_wconf 73' lang='lat' dir='ltr'>Curiammnde</span> <span class='ocrx_word' id='word_1_216' title='bbox 801 3739 831 3784; x_wconf 89' lang='lat' dir='ltr'>et</span> <span class='ocrx_word' id='word_1_217' title='bbox 838 3727 951 3786; x_wconf 89' lang='lat' dir='ltr'>scurilis</span> <span class='ocrx_word' id='word_1_218' title='bbox 959 3729 1300 3787; x_wconf 83' lang='lat' dir='ltr'>sermodiciturlescirus</span> 
     </span>
     <span class='ocr_line' id='line_1_36' title="bbox 565 3821 1300 3897; baseline 0.008 -21"><span class='ocrx_word' id='word_1_219' title='bbox 565 3832 596 3877; x_wconf 88' lang='lat' dir='ltr'>ct</span> <span class='ocrx_word' id='word_1_220' title='bbox 604 3821 748 3897; x_wconf 87' lang='lat' dir='ltr'>petulans.</span> <span class='ocrx_word' id='word_1_221' title='bbox 756 3822 803 3880; x_wconf 82' lang='lat' dir='ltr'>Ab</span> <span class='ocrx_word' id='word_1_222' title='bbox 811 3823 866 3880; x_wconf 90' lang='lat' dir='ltr'>hoc</span> <span class='ocrx_word' id='word_1_223' title='bbox 873 3825 1016 3883; x_wconf 81' lang='lat' dir='ltr'>vocabulo</span> <span class='ocrx_word' id='word_1_224' title='bbox 1024 3827 1057 3883; x_wconf 86' lang='lat' dir='ltr'>lit</span> <span class='ocrx_word' id='word_1_225' title='bbox 1064 3828 1232 3894; x_wconf 82' lang='lat' dir='ltr'>tn&#39;scurium,</span> <span class='ocrx_word' id='word_1_226' title='bbox 1241 3829 1300 3882; x_wconf 79' lang='lat' dir='ltr'>tris·</span> 
     </span>
     <span class='ocr_line' id='line_1_37' title="bbox 567 3915 1301 3996; baseline 0.008 -24"><span class='ocrx_word' id='word_1_227' title='bbox 567 3919 647 3972; x_wconf 70' lang='lat' dir='ltr'>curro</span> <span class='ocrx_word' id='word_1_228' title='bbox 652 3938 664 3985; x_wconf 91' lang='lat'><em>;</em></span> <span class='ocrx_word' id='word_1_229' title='bbox 674 3918 727 3986; x_wconf 84' lang='lat' dir='ltr'>ita,</span> <span class='ocrx_word' id='word_1_230' title='bbox 738 3921 865 3975; x_wconf 75' lang='lat' dir='ltr'>triscuria</span> <span class='ocrx_word' id='word_1_231' title='bbox 867 3923 1058 3996; x_wconf 73' lang='lat' dir='ltr'>patritiorum</span> <span class='ocrx_word' id='word_1_232' title='bbox 1068 3915 1169 3980; x_wconf 80' lang='lat' dir='ltr'>eorum</span> <span class='ocrx_word' id='word_1_233' title='bbox 1178 3923 1301 3979; x_wconf 87' lang='lat' dir='ltr'>inconti-</span> 
     </span>
     <span class='ocr_line' id='line_1_38' title="bbox 542 4013 1271 4100; baseline 0.004 -28"><span class='ocrx_word' id='word_1_234' title='bbox 542 4055 545 4062; x_wconf 63' lang='lat'><strong>.</strong></span> <span class='ocrx_word' id='word_1_235' title='bbox 568 4013 695 4073; x_wconf 86' lang='lat' dir='ltr'>nentium</span> <span class='ocrx_word' id='word_1_236' title='bbox 710 4027 739 4076; x_wconf 89' lang='lat' dir='ltr'>et</span> <span class='ocrx_word' id='word_1_237' title='bbox 753 4015 898 4078; x_wconf 81' lang='lat' dir='ltr'>lasciviam</span> <span class='ocrx_word' id='word_1_238' title='bbox 912 4017 1107 4100; x_wconf 88' lang='lat' dir='ltr'>multiplicem</span> <span class='ocrx_word' id='word_1_239' title='bbox 1120 4019 1271 4098; x_wconf 82' lang='lat' dir='ltr'>significat.</span> 
     </span>
    </p>
   </div>
   <div class='ocr_carea' id='block_1_6' title="bbox 0 0 1481 4672">
    <p class='ocr_par' dir='ltr' id='par_1_7' title="bbox 0 0 1481 4672">
     <span class='ocr_line' id='line_1_39' title="bbox 0 0 1481 4672; baseline 0 0"><span class='ocrx_word' id='word_1_240' title='bbox 0 0 1481 4672; x_wconf 95' lang='lat' dir='ltr'> </span> 
     </span>
    </p>
   </div>
  </div>
 </body>
</html>
