2922 4672
361 377 534 444 NOTAE
558 379 615 444 IN
634 379 965 446 IUVENALEM.
1112 377 1171 444 135

164 517 193 558 r.
214 497 266 562 36.
290 498 365 564 Non
378 501 455 566 tulit
465 523 505 568 ex
517 503 580 568 illis
591 519 721 570 torvum
734 503 872 570 Laronia
886 501 1077 592 quemdam,
1089 502 1173 588 eto]

202 637 247 694 De
261 655 295 694 ea
309 638 433 698 muliere
447 641 580 720 loquitur
592 661 711 722 quoque
726 641 881 714 Martialis,
892 641 946 701 lib.
960 642 1007 714 II,
1024 641 1100 722 epig.
1117 641 1172 712 32,

166 731 195 788 in
209 733 379 808 Ponticum,
392 736 438 796 his
451 739 564 798 verbisa

339 851 454 919 Abnegat
465 865 489 902 et
499 856 589 903 retinet
599 865 713 904 nostrum
726 855 832 904 Laronia
844 871 959 914 arrum,

376 929 536 997 Respondes,
548 934 608 983 orba
621 945 674 995 est,
688 935 773 994 dives,
782 935 952 996 anonvmus.

989 1004 1027 1062 Η.

64 1107 66 1114 ·
163 1097 194 1138 v.
216 1078 271 1153 4ο.
298 1077 425 1143 Tertius
442 1102 460 1144 e
477 1081 558 1146 coelo
575 1081 690 1160 cecidit
710 1079 826 1171 Cam]

202 1207 350 1266 Nimirum
369 1225 487 1268 sanctus
506 1225 537 1268 et
554 1215 683 1290 egregius
703 1215 759 1271 vir.
781 1213 915 1271 Valerius
934 1216 1012 1271 Max.
1031 1211 1108 1271 libro
1127 1215 1175 1282 Il,

165 1321 228 1380 cap.
254 1324 305 1374 10,
319 1306 454 1385 exemplo
476 1307 510 1378 8,
522 1311 567 1365 M.
589 1311 689 1366 Porcii
707 1311 825 1368 Catonis
841 1308 1026 1386 (Uticensis)
1040 1309 1190 1380 omnibus,

164 1400 292 1459 numeris
306 1402 433 1479 perfecta
446 1404 538 1462 virtus
552 1403 666 1478 effecit,
679 1417 713 1463 ut
726 1408 754 1463 si
765 1407 828 1482 quis
842 1403 933 1483 (alias
947 1407 1073 1482 quisquis
1087 1422 1140 1483 pro
1154 1408 1182 1461 si·

164 1495 245 1573 quis)
259 1510 390 1554 sartonam
405 1511 435 1556 et
445 1503 589 1576 egregium
608 1505 695 1560 civem
714 1501 873 1581 significare
887 1499 977 1575 velit,
991 1497 1047 1560 sub
1059 1501 1178 1561 nomine
1246 1503 1250 1512 ’

167 1594 284 1652 Catonis
296 1595 424 1654 definiat.
440 1596 524 1656 Idem
538 1597 626 1658 babet
640 1599 812 1658 Plutarchus
826 1599 862 1658 de
877 1619 924 1658 eo.
939 1603 973 1657 C.

164 1737 193 1778 v.
211 1737 287 1804 ¹⁰7·
312 1715 355 1780 Et
369 1739 516 1805 pressum
529 1719 564 1783 in
579 1719 659 1784 facie
673 1719 782 1810 digitis
798 1718 970 1784 extendere
983 1743 1119 1809 panem,

312 1815 412 1899 Quod
424 1839 483 1882 nec
495 1817 530 1882 in
544 1818 679 1906 Assyrio
691 1819 875 1908 pharetrata
886 1819 1071 1884 Semiramis
1082 1817 1178 1898 orbe,

311 1913 428 1998 Moesta
444 1938 503 1981 nec
515 1917 646 1982 Actiaci
659 1917 918 2006 feeltCIeopatra
926 1917 1073 2005 noenum]

204 2037 272 2098 Scio
286 2041 451 2097 Romanum
465 2042 562 2098 orbem
577 2040 691 2100 dictum
706 2061 768 2100 esse
781 2043 943 2119 Imperium
956 2045 1139 2112 Romanum,
1150 2055 1181 2100 et

164 2146 231 2212 post
241 2134 413 2196 divisionem
421 2137 540 2216 Imperii
550 2149 646 2215 postes
656 2137 888 2212 Oriontmorbem
898 2141 1009 2208 Eoum,
1018 2138 1179 2214 Imperium

165 2230 336 2290 Occidentis
350 2235 446 2290 orbem
461 2235 633 2310 Hespen'um
653 2247 684 2292 et
703 2233 923 2292 Occidentalem
936 2245 1089 2303 vocatum3
1104 2235 1181 2292 Afri-

164 2346 230 2384 cam
251 2327 338 2386 etiam
356 2331 529 2404 Africanum
554 2331 650 2388 erdem
672 2327 808 2388 Salviano
831 2327 950 2387 dictam.
971 2329 1028 2388 Sed
1049 2342 1180 2408 tempore

164 2423 314 2484 Iuvenalis
335 2427 470 2486 noudum
492 2427 532 2485 ita
550 2427 693 2496 Romani,
708 2438 743 2484 ut
765 2437 857 2502 puto,
877 2421 1092 2504 loquebantur,
1107 2445 1181 2504 quo-

163 2522 263 2581 minus
281 2543 350 2582 eum
368 2537 442 2603 puto
461 2524 648 2602 Assyriorum
668 2523 831 2602 Imperium
845 2523 999 2601 Assyrium
1016 2523 1117 2582 orbem
1130 2542 1181 2580 vo-

164 2617 252 2678 cdsse.
274 2623 350 2680 Puto
371 2641 456 2700 ergo,
473 2623 596 2698 Assyn'd
618 2623 707 2692 urbe,
726 2620 906 2702 legendum,
922 2619 955 2678 id
977 2633 1038 2690 est,
1056 2619 1087 2677 in
1106 2619 1180 2678 urbe

163 2716 287 2793 Assyriae
297 2705 392 2788 Nino,
406 2718 499 2796 capite
512 2718 633 2798 Imperii
643 2717 847 2796 Assyriorum,
859 2729 888 2776 et
900 2716 967 2774 sede
979 2737 1091 2794 regum.
1105 2720 1180 2774 Nam

164 2824 193 2870 et
204 2813 337 2890 designat
348 2813 431 2887 loca,
442 2827 476 2874 ut
489 2815 528 2874 ad
540 2815 679 2886 Actium,
693 2827 723 2876 et
737 2814 774 2872 de
788 2813 906 2894 Othone
920 2812 957 2870 ad
970 2811 1055 2870 civile
1067 2807 1181 2870 bellum

165 2910 376 2987 proficiscente.
399 2912 494 2970 Ninus
514 2910 633 2970 condita
651 2931 669 2969 a
690 2912 785 2981 Nino,
802 2909 1000 2969 Semiramidis
1017 2909 1096 2980 viro,
1113 2929 1181 2988 rege

163 3007 361 3084 Assyriorum.
385 3011 458 3080 Quae
482 3007 566 3066 sedes
590 3006 695 3066 exinde
718 3027 823 3086 regum
846 3005 1034 3084 Assyriorum
1053 3004 1128 3076 fuit,
1147 3016 1182 3061 ut

163 3099 316 3160 Diodorus
325 3103 357 3162 in
368 3103 471 3162 libroI
483 3104 582 3162 refert.
598 3103 656 3162 Sed
669 3103 790 3162 omnino
804 3100 847 3160 nil
861 3102 1037 3162 mutandum
1048 3114 1091 3160 est
1101 3101 1181 3179 apud

163 3200 344 3258 Iuvenalem.
362 3203 436 3258 Nam
455 3199 618 3280 pharetrata
640 3213 670 3258 et
691 3199 728 3258 ad
749 3199 863 3258 bellum
883 3201 1070 3278 proficiscens
1088 3197 1181 3256 Semi-

162 3296 250 3354 ramis
263 3296 454 3368 describitur,
467 3310 502 3354 ut
515 3311 545 3356 et
559 3297 712 3375 Cleopatra
725 3297 756 3355 iu
772 3271 958 3376 expeditione
971 3294 1100 3354 Actiaca.
1114 3297 1181 3352 Non

163 3411 233 3470 ergo
247 3404 312 3450 tum
328 3393 495 3452 Semiramis
514 3394 545 3450 in
565 3393 639 3452 urbe
659 3391 773 3470 aliqua,
788 3391 840 3452 sed
855 3392 887 3451 in
900 3411 1006 3470 campo
1021 3391 1179 3468 castrisque

163 3501 240 3559 emt,
254 3500 284 3546 et
304 3489 335 3546 in
358 3493 477 3566 Assyrio
497 3491 582 3560 orde,
600 3489 631 3547 id
652 3501 715 3560 est,
731 3491 762 3548 in
782 3490 919 3567 Assyria,
941 3508 1008 3558 seu,
1022 3499 1057 3544 ut
1074 3483 1180 3544 melius

163 3585 283 3664 loquar,
294 3586 325 3643 in
342 3587 467 3666 imperio
481 3587 617 3664 Assyri05
630 3598 665 3645 ut
685 3588 759 3644 orbat·
775 3590 924 3644 Romanam
941 3583 1054 3644 dictum
1068 3596 1112 3642 est
1124 3587 1181 3642 Im-

164 3682 280 3760 perium
293 3702 458 3742 romanum.
474 3685 511 3742 Η.

163 3826 194 3868 v.
218 3807 290 3893 149.
314 3805 393 3870 Esse
405 3805 529 3892 aliqum
543 3803 1067 3894 blases‚etsubterranearegna,

314 3905 358 3968 Et
368 3920 527 3994 pontum,
540 3919 573 3968 et
585 3905 701 3994 Stygio
713 3927 806 3970 narras
823 3905 858 3968 in
874 3905 1001 3994 gurgite
1015 3902 1157 3992 nigras]

168 4086 172 4114 ,
206 4034 254 4092 Sic
272 4032 362 4094 habet
380 4033 470 4096 editio
489 4033 603 4096 Nicolai
626 4034 745 4114 Rigaltii
763 4034 833 4095 anni
855 4035 949 4107 1616,
965 4045 995 4094 et
1012 4033 1075 4112 ipsa
1090 4029 1180 4092 editio
1243 4063 1248 4071 ·
1277 4041 1281 4048 '
