<?xml version="1.0" encoding="UTF-8"?>
<!DOCTYPE html PUBLIC "-//W3C//DTD XHTML 1.0 Transitional//EN"
    "http://www.w3.org/TR/xhtml1/DTD/xhtml1-transitional.dtd">
<html xmlns="http://www.w3.org/1999/xhtml" xml:lang="en" lang="en">
 <head>
  <title>
</title>
<meta http-equiv="Content-Type" content="text/html;charset=utf-8" />
  <meta name='ocr-system' content='tesseract 3.04.00' />
  <meta name='ocr-capabilities' content='ocr_page ocr_carea ocr_par ocr_line ocrx_word'/>
</head>
<body>
  <div class='ocr_page' id='page_1' title='image "./satirae00pithgoog_0248.png"; bbox 0 0 2924 4662; ppageno 0'>
   <div class='ocr_carea' id='block_1_1' title="bbox 434 320 1211 450">
    <p class='ocr_par' dir='ltr' id='par_1_1' title="bbox 434 320 1211 450">
     <span class='ocr_line' id='line_1_1' title="bbox 434 320 1211 450; baseline 0.005 -16"><span class='ocrx_word' id='word_1_1' title='bbox 434 369 489 436; x_wconf 80' lang='lat' dir='ltr'><strong>nt</strong></span> <span class='ocrx_word' id='word_1_2' title='bbox 511 369 681 438; x_wconf 75' lang='lat' dir='ltr'><strong>runnu.</strong></span> <span class='ocrx_word' id='word_1_3' title='bbox 708 371 934 438; x_wconf 74' lang='lat' dir='ltr'><strong>si&#39;rtnin</strong></span> <span class='ocrx_word' id='word_1_4' title='bbox 958 320 987 438; x_wconf 61' lang='grc' dir='ltr'><strong>ιζ</strong></span> <span class='ocrx_word' id='word_1_5' title='bbox 1151 348 1211 450; x_wconf 71' lang='lat' dir='ltr'><strong>sm</strong></span> 
     </span>
    </p>
   </div>
   <div class='ocr_carea' id='block_1_2' title="bbox 118 489 1252 1441">
    <p class='ocr_par' dir='ltr' id='par_1_2' title="bbox 205 489 1217 575">
     <span class='ocr_line' id='line_1_2' title="bbox 205 489 1217 575; baseline 0.001 -25"><span class='ocrx_word' id='word_1_6' title='bbox 205 493 230 550; x_wconf 86' lang='lat' dir='ltr'><strong>si</strong></span> <span class='ocrx_word' id='word_1_7' title='bbox 243 489 415 570; x_wconf 71' lang='lat' dir='ltr'>Tigillinum</span> <span class='ocrx_word' id='word_1_8' title='bbox 428 491 548 566; x_wconf 75' lang='lat' dir='ltr'><strong>laseris,</strong></span> <span class='ocrx_word' id='word_1_9' title='bbox 558 497 642 553; x_wconf 85' lang='lat' dir='ltr'><strong>vivus</strong></span> <span class='ocrx_word' id='word_1_10' title='bbox 655 495 786 568; x_wconf 78' lang='lat' dir='ltr'><strong>ardebis,</strong></span> <span class='ocrx_word' id='word_1_11' title='bbox 799 495 1049 575; x_wconf 84' lang='lat' dir='ltr'><strong>quemadmodum</strong></span> <span class='ocrx_word' id='word_1_12' title='bbox 1062 493 1148 552; x_wconf 88' lang='lat' dir='ltr'><strong>multi</strong></span> <span class='ocrx_word' id='word_1_13' title='bbox 1160 496 1217 552; x_wconf 90' lang='lat' dir='ltr'><strong>im·</strong></span> 
     </span>
    </p>

    <p class='ocr_par' dir='ltr' id='par_1_3' title="bbox 166 589 1217 667">
     <span class='ocr_line' id='line_1_3' title="bbox 166 589 1217 667; baseline -0.001 -18"><span class='ocrx_word' id='word_1_14' title='bbox 166 645 168 649; x_wconf 89' lang='lat'><strong>.</strong></span> <span class='ocrx_word' id='word_1_15' title='bbox 205 603 326 667; x_wconf 85' lang='lat' dir='ltr'><strong>perante</strong></span> <span class='ocrx_word' id='word_1_16' title='bbox 336 593 460 650; x_wconf 81' lang='lat' dir='ltr'><strong>Nerone.</strong></span> <span class='ocrx_word' id='word_1_17' title='bbox 476 596 555 662; x_wconf 84' lang='lat' dir='ltr'><strong>Aut,</strong></span> <span class='ocrx_word' id='word_1_18' title='bbox 568 611 628 651; x_wconf 91' lang='lat' dir='ltr'><strong>non</strong></span> <span class='ocrx_word' id='word_1_19' title='bbox 645 603 758 650; x_wconf 86' lang='lat' dir='ltr'><strong>tantum</strong></span> <span class='ocrx_word' id='word_1_20' title='bbox 772 589 833 651; x_wconf 84' lang='lat' dir='ltr'><strong>uon</strong></span> <span class='ocrx_word' id='word_1_21' title='bbox 846 593 1003 652; x_wconf 87' lang='lat' dir='ltr'><strong>deserenda</strong></span> <span class='ocrx_word' id='word_1_22' title='bbox 1017 591 1150 662; x_wconf 87' lang='lat' dir='ltr'><strong>libertas,</strong></span> <span class='ocrx_word' id='word_1_23' title='bbox 1165 590 1217 650; x_wconf 89' lang='lat' dir='ltr'><strong>sed</strong></span> 
     </span>
    </p>

    <p class='ocr_par' dir='ltr' id='par_1_4' title="bbox 118 674 1252 863">
     <span class='ocr_line' id='line_1_4' title="bbox 118 674 1217 767; baseline 0.001 -24"><span class='ocrx_word' id='word_1_24' title='bbox 118 674 122 694; x_wconf 74' lang='lat'><strong>¹</strong></span> <span class='ocrx_word' id='word_1_25' title='bbox 206 687 295 744; x_wconf 86' lang='lat' dir='ltr'><strong>etiam</strong></span> <span class='ocrx_word' id='word_1_26' title='bbox 304 688 428 744; x_wconf 84' lang='lat' dir='ltr'><strong>maxima</strong></span> <span class='ocrx_word' id='word_1_27' title='bbox 436 706 558 766; x_wconf 86' lang='lat' dir='ltr'><strong>persona</strong></span> <span class='ocrx_word' id='word_1_28' title='bbox 568 689 710 767; x_wconf 87' lang='lat' dir='ltr'><strong>carpenda</strong></span> <span class='ocrx_word' id='word_1_29' title='bbox 722 688 753 746; x_wconf 88' lang='lat' dir='ltr'><strong>in</strong></span> <span class='ocrx_word' id='word_1_30' title='bbox 763 687 855 760; x_wconf 82' lang='lat' dir='ltr'><strong>vitiis,</strong></span> <span class='ocrx_word' id='word_1_31' title='bbox 868 691 936 746; x_wconf 78' lang='lat' dir='ltr'><strong>cum</strong></span> <span class='ocrx_word' id='word_1_32' title='bbox 947 690 1033 748; x_wconf 84' lang='lat' dir='ltr'><strong>etiam</strong></span> <span class='ocrx_word' id='word_1_33' title='bbox 1042 689 1066 746; x_wconf 88' lang='lat' dir='ltr'><strong>si</strong></span> <span class='ocrx_word' id='word_1_34' title='bbox 1078 688 1217 758; x_wconf 83' lang='lat' dir='ltr'><strong>tacueris,</strong></span> 
     </span>
     <span class='ocr_line' id='line_1_5' title="bbox 208 781 1252 863; baseline 0.004 -25"><span class='ocrx_word' id='word_1_35' title='bbox 208 781 325 860; x_wconf 89' lang='lat' dir='ltr'><strong>plebeio</strong></span> <span class='ocrx_word' id='word_1_36' title='bbox 337 783 437 842; x_wconf 85' lang='lat' dir='ltr'><strong>funere</strong></span> <span class='ocrx_word' id='word_1_37' title='bbox 448 785 608 842; x_wconf 89' lang='lat' dir='ltr'><strong>moriturus</strong></span> <span class='ocrx_word' id='word_1_38' title='bbox 619 786 667 842; x_wconf 89' lang='lat' dir='ltr'><strong>sis.</strong></span> <span class='ocrx_word' id='word_1_39' title='bbox 680 783 749 854; x_wconf 90' lang='lat' dir='ltr'><strong>Vel,</strong></span> <span class='ocrx_word' id='word_1_40' title='bbox 762 785 847 861; x_wconf 81' lang='lat' dir='ltr'><strong>quasi</strong></span> <span class='ocrx_word' id='word_1_41' title='bbox 857 785 892 841; x_wconf 71' lang='lat' dir='ltr'><strong>er</strong></span> <span class='ocrx_word' id='word_1_42' title='bbox 904 803 1026 863; x_wconf 85' lang='lat' dir='ltr'><strong>persona</strong></span> <span class='ocrx_word' id='word_1_43' title='bbox 1036 785 1154 843; x_wconf 82' lang='lat' dir='ltr'><strong>alterius</strong></span> <span class='ocrx_word' id='word_1_44' title='bbox 1163 783 1217 852; x_wconf 70' lang='lat' dir='ltr'><strong>sit,</strong></span> <span class='ocrx_word' id='word_1_45' title='bbox 1249 805 1252 814; x_wconf 74' lang='lat'>¹</span> 
     </span>
    </p>

    <p class='ocr_par' dir='ltr' id='par_1_5' title="bbox 207 881 1219 958">
     <span class='ocr_line' id='line_1_6' title="bbox 207 881 1219 958; baseline 0.001 -21"><span class='ocrx_word' id='word_1_46' title='bbox 207 899 274 957; x_wconf 88' lang='lat' dir='ltr'><strong>quae</strong></span> <span class='ocrx_word' id='word_1_47' title='bbox 282 899 470 940; x_wconf 88' lang='lat' dir='ltr'><strong>communem</strong></span> <span class='ocrx_word' id='word_1_48' title='bbox 479 881 608 950; x_wconf 80' lang='lat' dir='ltr'><strong>summm</strong></span> <span class='ocrx_word' id='word_1_49' title='bbox 621 901 690 940; x_wconf 86' lang='lat' dir='ltr'><strong>cum</strong></span> <span class='ocrx_word' id='word_1_50' title='bbox 699 881 868 958; x_wconf 85' lang='lat' dir='ltr'><strong>vulgaribus</strong></span> <span class='ocrx_word' id='word_1_51' title='bbox 878 881 1067 940; x_wconf 81' lang='lat' dir='ltr'><strong>cadaveribus</strong></span> <span class='ocrx_word' id='word_1_52' title='bbox 1077 881 1219 946; x_wconf 82' lang='lat' dir='ltr'><strong>ustrinam</strong></span> 
     </span>
    </p>

    <p class='ocr_par' dir='ltr' id='par_1_6' title="bbox 206 975 1217 1048">
     <span class='ocr_line' id='line_1_7' title="bbox 206 975 1217 1048; baseline 0.002 -14"><span class='ocrx_word' id='word_1_53' title='bbox 206 975 375 1048; x_wconf 84' lang='lat' dir='ltr'><strong>denuntiet,</strong></span> <span class='ocrx_word' id='word_1_54' title='bbox 389 979 476 1036; x_wconf 91' lang='lat' dir='ltr'><strong>etiam</strong></span> <span class='ocrx_word' id='word_1_55' title='bbox 491 979 514 1036; x_wconf 85' lang='lat' dir='ltr'><strong>si</strong></span> <span class='ocrx_word' id='word_1_56' title='bbox 527 999 543 1036; x_wconf 90' lang='lat' dir='ltr'><strong>a</strong></span> <span class='ocrx_word' id='word_1_57' title='bbox 558 980 642 1037; x_wconf 84' lang='lat' dir='ltr'><strong>satira</strong></span> <span class='ocrx_word' id='word_1_58' title='bbox 655 978 812 1036; x_wconf 84' lang='lat' dir='ltr'><strong>abstineat:</strong></span> <span class='ocrx_word' id='word_1_59' title='bbox 828 977 973 1036; x_wconf 84' lang='lat' dir='ltr'><strong>notiorem</strong></span> <span class='ocrx_word' id='word_1_60' title='bbox 984 997 1053 1036; x_wconf 84' lang='lat' dir='ltr'><strong>vero</strong></span> <span class='ocrx_word' id='word_1_61' title='bbox 1065 978 1217 1047; x_wconf 75' lang='lat' dir='ltr'><strong>futurum,</strong></span> 
     </span>
    </p>

    <p class='ocr_par' dir='ltr' id='par_1_7' title="bbox 206 1073 1219 1153">
     <span class='ocr_line' id='line_1_8' title="bbox 206 1073 1219 1153; baseline 0.001 -23"><span class='ocrx_word' id='word_1_62' title='bbox 206 1074 231 1131; x_wconf 90' lang='lat' dir='ltr'><strong>si</strong></span> <span class='ocrx_word' id='word_1_63' title='bbox 251 1073 396 1152; x_wconf 86' lang='lat' dir='ltr'><strong>insignem</strong></span> <span class='ocrx_word' id='word_1_64' title='bbox 415 1075 575 1144; x_wconf 81' lang='lat' dir='ltr'><strong>notaverit,</strong></span> <span class='ocrx_word' id='word_1_65' title='bbox 588 1088 622 1132; x_wconf 92' lang='lat' dir='ltr'><strong>ut</strong></span> <span class='ocrx_word' id='word_1_66' title='bbox 641 1075 677 1132; x_wconf 87' lang='lat' dir='ltr'><strong>sit</strong></span> <span class='ocrx_word' id='word_1_67' title='bbox 695 1073 779 1140; x_wconf 84' lang='lat' dir='ltr'><strong>locus</strong></span> <span class='ocrx_word' id='word_1_68' title='bbox 796 1074 843 1132; x_wconf 92' lang='lat' dir='ltr'><strong>hic</strong></span> <span class='ocrx_word' id='word_1_69' title='bbox 863 1075 903 1132; x_wconf 85' lang='lat' dir='ltr'><strong>ita</strong></span> <span class='ocrx_word' id='word_1_70' title='bbox 922 1073 1125 1153; x_wconf 84' lang='lat' dir='ltr'><strong>accipiendus:</strong></span> <span class='ocrx_word' id='word_1_71' title='bbox 1140 1078 1219 1131; x_wconf 91' lang='lat' dir='ltr'><strong>Pone</strong></span> 
     </span>
    </p>

    <p class='ocr_par' dir='ltr' id='par_1_8' title="bbox 170 1169 1220 1250">
     <span class='ocr_line' id='line_1_9' title="bbox 170 1169 1220 1250; baseline 0 -23"><span class='ocrx_word' id='word_1_72' title='bbox 170 1245 171 1250; x_wconf 7' lang='grc' dir='ltr'>ἵ</span> <span class='ocrx_word' id='word_1_73' title='bbox 206 1169 395 1248; x_wconf 82' lang='lat' dir='ltr'><strong>Tigillinum,</strong></span> <span class='ocrx_word' id='word_1_74' title='bbox 410 1171 540 1230; x_wconf 88' lang='lat' dir='ltr'><strong>nobilem</strong></span> <span class='ocrx_word' id='word_1_75' title='bbox 551 1184 586 1229; x_wconf 92' lang='lat' dir='ltr'><strong>ut</strong></span> <span class='ocrx_word' id='word_1_76' title='bbox 596 1170 784 1249; x_wconf 68' lang='lat' dir='ltr'><strong>Tigillinum</strong></span> <span class='ocrx_word' id='word_1_77' title='bbox 796 1171 878 1248; x_wconf 90' lang='lat' dir='ltr'><strong>qnod</strong></span> <span class='ocrx_word' id='word_1_78' title='bbox 890 1171 945 1228; x_wconf 88' lang='lat' dir='ltr'><strong>nisi</strong></span> <span class='ocrx_word' id='word_1_79' title='bbox 958 1171 1058 1242; x_wconf 85' lang='lat' dir='ltr'><strong>facias,</strong></span> <span class='ocrx_word' id='word_1_80' title='bbox 1071 1171 1102 1228; x_wconf 90' lang='lat' dir='ltr'><strong>in</strong></span> <span class='ocrx_word' id='word_1_81' title='bbox 1113 1189 1220 1247; x_wconf 89' lang='lat' dir='ltr'><strong>rogum</strong></span> 
     </span>
    </p>

    <p class='ocr_par' dir='ltr' id='par_1_9' title="bbox 209 1263 1220 1344">
     <span class='ocr_line' id='line_1_10' title="bbox 209 1263 1220 1344; baseline 0 -22"><span class='ocrx_word' id='word_1_82' title='bbox 209 1264 330 1323; x_wconf 86' lang='lat' dir='ltr'><strong>cadaver</strong></span> <span class='ocrx_word' id='word_1_83' title='bbox 348 1279 433 1324; x_wconf 91' lang='lat' dir='ltr'><strong>tuum</strong></span> <span class='ocrx_word' id='word_1_84' title='bbox 451 1267 599 1339; x_wconf 78' lang='lat' dir='ltr'><strong>mittetur,</strong></span> <span class='ocrx_word' id='word_1_85' title='bbox 613 1268 644 1326; x_wconf 91' lang='lat' dir='ltr'><strong>iu</strong></span> <span class='ocrx_word' id='word_1_86' title='bbox 665 1286 725 1344; x_wconf 91' lang='lat' dir='ltr'><strong>quo</strong></span> <span class='ocrx_word' id='word_1_87' title='bbox 745 1286 805 1324; x_wconf 88' lang='lat' dir='ltr'><strong>non</strong></span> <span class='ocrx_word' id='word_1_88' title='bbox 821 1267 944 1344; x_wconf 84' lang='lat' dir='ltr'><strong>jacentia</strong></span> <span class='ocrx_word' id='word_1_89' title='bbox 966 1286 1102 1344; x_wconf 75' lang='lat' dir='ltr'><strong>corpora,</strong></span> <span class='ocrx_word' id='word_1_90' title='bbox 1117 1265 1168 1322; x_wconf 89' lang='lat' dir='ltr'><strong>sed</strong></span> <span class='ocrx_word' id='word_1_91' title='bbox 1181 1263 1220 1322; x_wconf 88' lang='lat' dir='ltr'><strong>ad</strong></span> 
     </span>
    </p>

    <p class='ocr_par' dir='ltr' id='par_1_10' title="bbox 208 1358 1218 1441">
     <span class='ocr_line' id='line_1_11' title="bbox 208 1358 1218 1441; baseline -0.001 -23"><span class='ocrx_word' id='word_1_92' title='bbox 208 1358 356 1439; x_wconf 88' lang='lat' dir='ltr'><strong>lignorum</strong></span> <span class='ocrx_word' id='word_1_93' title='bbox 371 1363 599 1441; x_wconf 78' lang='lat' dir='ltr'><strong>parcimoniam,</strong></span> <span class='ocrx_word' id='word_1_94' title='bbox 614 1364 717 1421; x_wconf 86' lang='lat' dir='ltr'><strong>stantia</strong></span> <span class='ocrx_word' id='word_1_95' title='bbox 732 1374 904 1420; x_wconf 85' lang='lat' dir='ltr'><strong>exuruntur.</strong></span> <span class='ocrx_word' id='word_1_96' title='bbox 920 1359 1006 1420; x_wconf 90' lang='lat' dir='ltr'><strong>Unde</strong></span> <span class='ocrx_word' id='word_1_97' title='bbox 1022 1373 1125 1439; x_wconf 85' lang='lat' dir='ltr'><strong>putant</strong></span> <span class='ocrx_word' id='word_1_98' title='bbox 1139 1360 1218 1419; x_wconf 88' lang='lat' dir='ltr'><strong>dici:</strong></span> 
     </span>
    </p>
   </div>
   <div class='ocr_carea' id='block_1_3' title="bbox 385 1477 983 1528">
    <p class='ocr_par' dir='ltr' id='par_1_11' title="bbox 385 1477 983 1528">
     <span class='ocr_line' id='line_1_12' title="bbox 385 1477 983 1528; baseline -0.005 -1"><span class='ocrx_word' id='word_1_99' title='bbox 385 1481 417 1528; x_wconf 85' lang='lat' dir='ltr'><strong>Et</strong></span> <span class='ocrx_word' id='word_1_100' title='bbox 429 1480 509 1527; x_wconf 87' lang='lat' dir='ltr'><strong>latum</strong></span> <span class='ocrx_word' id='word_1_101' title='bbox 526 1479 608 1527; x_wconf 89' lang='lat' dir='ltr'><strong>media</strong></span> <span class='ocrx_word' id='word_1_102' title='bbox 624 1479 723 1527; x_wconf 88' lang='lat' dir='ltr'><strong>sulcum</strong></span> <span class='ocrx_word' id='word_1_103' title='bbox 741 1477 844 1526; x_wconf 83' lang='lat' dir='ltr'><strong>deducit</strong></span> <span class='ocrx_word' id='word_1_104' title='bbox 860 1492 941 1524; x_wconf 73' lang='lat' dir='ltr'><strong>ereum</strong></span> <span class='ocrx_word' id='word_1_105' title='bbox 976 1477 983 1488; x_wconf 80' lang='grc'><strong>“</strong></span> 
     </span>
    </p>
   </div>
   <div class='ocr_carea' id='block_1_4' title="bbox 204 1579 1223 2630">
    <p class='ocr_par' dir='ltr' id='par_1_12' title="bbox 210 1579 1221 1757">
     <span class='ocr_line' id='line_1_13' title="bbox 211 1579 1221 1662; baseline 0.002 -24"><span class='ocrx_word' id='word_1_106' title='bbox 211 1582 298 1657; x_wconf 87' lang='lat' dir='ltr'><strong>Quod</strong></span> <span class='ocrx_word' id='word_1_107' title='bbox 309 1602 413 1662; x_wconf 87' lang='lat' dir='ltr'><strong>parcus</strong></span> <span class='ocrx_word' id='word_1_108' title='bbox 424 1596 506 1642; x_wconf 87' lang='lat' dir='ltr'><strong>ustor</strong></span> <span class='ocrx_word' id='word_1_109' title='bbox 517 1583 628 1640; x_wconf 89' lang='lat' dir='ltr'><strong>subditi</strong></span> <span class='ocrx_word' id='word_1_110' title='bbox 640 1581 713 1661; x_wconf 89' lang='lat' dir='ltr'><strong>ligni</strong></span> <span class='ocrx_word' id='word_1_111' title='bbox 727 1582 827 1660; x_wconf 86' lang='lat' dir='ltr'><strong>inopia</strong></span> <span class='ocrx_word' id='word_1_112' title='bbox 840 1580 942 1638; x_wconf 81' lang='lat' dir='ltr'><strong>scrobe</strong></span> <span class='ocrx_word' id='word_1_113' title='bbox 954 1579 1054 1638; x_wconf 78' lang='lat' dir='ltr'><strong>subter</strong></span> <span class='ocrx_word' id='word_1_114' title='bbox 1067 1580 1142 1639; x_wconf 86' lang='lat' dir='ltr'><strong>facto</strong></span> <span class='ocrx_word' id='word_1_115' title='bbox 1153 1581 1221 1640; x_wconf 88' lang='lat' dir='ltr'><strong>sub-</strong></span> 
     </span>
     <span class='ocr_line' id='line_1_14' title="bbox 210 1663 593 1757; baseline -0.005 -19"><span class='ocrx_word' id='word_1_116' title='bbox 210 1663 308 1751; x_wconf 82' lang='lat' dir='ltr'><strong>cavet,</strong></span> <span class='ocrx_word' id='word_1_117' title='bbox 321 1691 356 1737; x_wconf 91' lang='lat' dir='ltr'><strong>ut</strong></span> <span class='ocrx_word' id='word_1_118' title='bbox 368 1678 469 1737; x_wconf 83' lang='lat' dir='ltr'><strong>ardere</strong></span> <span class='ocrx_word' id='word_1_119' title='bbox 483 1679 593 1757; x_wconf 84' lang='lat' dir='ltr'><strong>possit.¹</strong></span> 
     </span>
    </p>

    <p class='ocr_par' dir='ltr' id='par_1_13' title="bbox 204 1766 1222 2046">
     <span class='ocr_line' id='line_1_15' title="bbox 248 1766 1222 1851; baseline -0.001 -17"><span class='ocrx_word' id='word_1_120' title='bbox 248 1782 284 1835; x_wconf 89' lang='lat' dir='ltr'><strong>V.</strong></span> <span class='ocrx_word' id='word_1_121' title='bbox 304 1777 369 1851; x_wconf 84' lang='lat'><strong>157.</strong></span> <span class='ocrx_word' id='word_1_122' title='bbox 386 1780 424 1834; x_wconf 87' lang='lat' dir='ltr'><strong>Et</strong></span> <span class='ocrx_word' id='word_1_123' title='bbox 435 1781 526 1833; x_wconf 86' lang='lat' dir='ltr'><strong>latum</strong></span> <span class='ocrx_word' id='word_1_124' title='bbox 540 1766 665 1846; x_wconf 49' lang='lat' dir='ltr'><strong>meda]</strong></span> <span class='ocrx_word' id='word_1_125' title='bbox 681 1774 836 1833; x_wconf 82' lang='lat' dir='ltr'><strong>Adductus</strong></span> <span class='ocrx_word' id='word_1_126' title='bbox 850 1770 918 1832; x_wconf 81' lang='lat' dir='ltr'><strong>cirin</strong></span> <span class='ocrx_word' id='word_1_127' title='bbox 931 1793 984 1851; x_wconf 87' lang='lat' dir='ltr'><strong>per</strong></span> <span class='ocrx_word' id='word_1_128' title='bbox 997 1794 1112 1832; x_wconf 88' lang='lat' dir='ltr'><strong>arenam</strong></span> <span class='ocrx_word' id='word_1_129' title='bbox 1126 1773 1222 1834; x_wconf 90' lang='lat' dir='ltr'><strong>trabe-</strong></span> 
     </span>
     <span class='ocr_line' id='line_1_16' title="bbox 204 1869 1222 1951; baseline -0.001 -21"><span class='ocrx_word' id='word_1_130' title='bbox 204 1885 304 1945; x_wconf 88' lang='lat' dir='ltr'><strong>retur‚</strong></span> <span class='ocrx_word' id='word_1_131' title='bbox 319 1873 434 1930; x_wconf 89' lang='lat' dir='ltr'><strong>sulcum</strong></span> <span class='ocrx_word' id='word_1_132' title='bbox 455 1892 579 1951; x_wconf 90' lang='lat' dir='ltr'><strong>corpore</strong></span> <span class='ocrx_word' id='word_1_133' title='bbox 599 1891 653 1930; x_wconf 90' lang='lat' dir='ltr'><strong>sno</strong></span> <span class='ocrx_word' id='word_1_134' title='bbox 674 1871 753 1929; x_wconf 86' lang='lat' dir='ltr'><strong>fecit.</strong></span> <span class='ocrx_word' id='word_1_135' title='bbox 773 1870 829 1928; x_wconf 89' lang='lat' dir='ltr'><strong>Vel</strong></span> <span class='ocrx_word' id='word_1_136' title='bbox 852 1871 976 1942; x_wconf 85' lang='lat' dir='ltr'><strong>fossam,</strong></span> <span class='ocrx_word' id='word_1_137' title='bbox 990 1869 1022 1928; x_wconf 91' lang='lat' dir='ltr'><strong>iu</strong></span> <span class='ocrx_word' id='word_1_138' title='bbox 1036 1890 1095 1948; x_wconf 86' lang='lat' dir='ltr'><strong>qua</strong></span> <span class='ocrx_word' id='word_1_139' title='bbox 1110 1872 1222 1950; x_wconf 84' lang='lat' dir='ltr'><strong>stipites</strong></span> 
     </span>
     <span class='ocr_line' id='line_1_17' title="bbox 206 1966 736 2046; baseline -0.008 -20"><span class='ocrx_word' id='word_1_140' title='bbox 206 1968 403 2046; x_wconf 85' lang='lat' dir='ltr'><strong>fiebant(11),</strong></span> <span class='ocrx_word' id='word_1_141' title='bbox 416 1969 447 2025; x_wconf 91' lang='lat' dir='ltr'><strong>in</strong></span> <span class='ocrx_word' id='word_1_142' title='bbox 461 1969 568 2045; x_wconf 90' lang='lat' dir='ltr'><strong>quibus</strong></span> <span class='ocrx_word' id='word_1_143' title='bbox 585 1966 736 2026; x_wconf 84' lang='lat' dir='ltr'><strong>ardebant.</strong></span> 
     </span>
    </p>

    <p class='ocr_par' dir='ltr' id='par_1_14' title="bbox 211 2061 1223 2230">
     <span class='ocr_line' id='line_1_18' title="bbox 249 2061 1223 2141; baseline -0.001 -22"><span class='ocrx_word' id='word_1_144' title='bbox 249 2067 286 2119; x_wconf 83' lang='lat' dir='ltr'><strong>V.</strong></span> <span class='ocrx_word' id='word_1_145' title='bbox 305 2062 370 2139; x_wconf 85' lang='lat'><strong>159.</strong></span> <span class='ocrx_word' id='word_1_146' title='bbox 385 2065 544 2120; x_wconf 82' lang='lat' dir='ltr'><strong>Pensilibus</strong></span> <span class='ocrx_word' id='word_1_147' title='bbox 556 2066 690 2137; x_wconf 73' lang='lat' dir='ltr'><strong>plumis]</strong></span> <span class='ocrx_word' id='word_1_148' title='bbox 712 2061 828 2120; x_wconf 85' lang='lat' dir='ltr'><strong>Lectica</strong></span> <span class='ocrx_word' id='word_1_149' title='bbox 846 2061 956 2141; x_wconf 87' lang='lat' dir='ltr'><strong>plumis</strong></span> <span class='ocrx_word' id='word_1_150' title='bbox 972 2061 1134 2140; x_wconf 84' lang='lat' dir='ltr'><strong>strata(1a)</strong></span> <span class='ocrx_word' id='word_1_151' title='bbox 1149 2081 1223 2140; x_wconf 87' lang='lat' dir='ltr'><strong>peu-</strong></span> 
     </span>
     <span class='ocr_line' id='line_1_19' title="bbox 211 2159 662 2230; baseline -0.004 -13"><span class='ocrx_word' id='word_1_152' title='bbox 211 2159 333 2229; x_wconf 88' lang='lat' dir='ltr'><strong>silibus,</strong></span> <span class='ocrx_word' id='word_1_153' title='bbox 348 2160 379 2217; x_wconf 90' lang='lat' dir='ltr'><strong>iu</strong></span> <span class='ocrx_word' id='word_1_154' title='bbox 393 2159 485 2230; x_wconf 87' lang='lat' dir='ltr'><strong>altum</strong></span> <span class='ocrx_word' id='word_1_155' title='bbox 499 2161 662 2217; x_wconf 83' lang='lat' dir='ltr'><strong>exstructis.</strong></span> 
     </span>
    </p>

    <p class='ocr_par' dir='ltr' id='par_1_15' title="bbox 210 2253 1219 2431">
     <span class='ocr_line' id='line_1_20' title="bbox 246 2253 1219 2332; baseline -0.003 -17"><span class='ocrx_word' id='word_1_156' title='bbox 246 2260 284 2315; x_wconf 91' lang='lat' dir='ltr'><strong>V.</strong></span> <span class='ocrx_word' id='word_1_157' title='bbox 302 2259 366 2314; x_wconf 77' lang='lat'><strong>162.</strong></span> <span class='ocrx_word' id='word_1_158' title='bbox 380 2257 582 2313; x_wconf 72' lang='lat' dir='ltr'><strong>Securus-licet</strong></span> <span class='ocrx_word' id='word_1_159' title='bbox 594 2261 736 2326; x_wconf 76' lang='lat' dir='ltr'><strong>Aenean]</strong></span> <span class='ocrx_word' id='word_1_160' title='bbox 751 2258 878 2314; x_wconf 84' lang='lat' dir='ltr'><strong>Securus</strong></span> <span class='ocrx_word' id='word_1_161' title='bbox 889 2254 925 2312; x_wconf 88' lang='lat' dir='ltr'><strong>de</strong></span> <span class='ocrx_word' id='word_1_162' title='bbox 938 2255 1060 2312; x_wconf 88' lang='lat' dir='ltr'><strong>mortuis</strong></span> <span class='ocrx_word' id='word_1_163' title='bbox 1071 2253 1219 2332; x_wconf 87' lang='lat' dir='ltr'><strong>loqueris,</strong></span> 
     </span>
     <span class='ocr_line' id='line_1_21' title="bbox 210 2349 1217 2431; baseline -0.006 -18"><span class='ocrx_word' id='word_1_164' title='bbox 210 2373 266 2413; x_wconf 87' lang='lat' dir='ltr'><strong>nec</strong></span> <span class='ocrx_word' id='word_1_165' title='bbox 282 2354 389 2411; x_wconf 89' lang='lat' dir='ltr'><strong>metuis</strong></span> <span class='ocrx_word' id='word_1_166' title='bbox 401 2353 499 2431; x_wconf 89' lang='lat' dir='ltr'><strong>legem</strong></span> <span class='ocrx_word' id='word_1_167' title='bbox 512 2351 639 2423; x_wconf 87' lang='lat' dir='ltr'><strong>Juliam,</strong></span> <span class='ocrx_word' id='word_1_168' title='bbox 653 2371 719 2430; x_wconf 87' lang='lat' dir='ltr'><strong>quae</strong></span> <span class='ocrx_word' id='word_1_169' title='bbox 733 2357 867 2411; x_wconf 86' lang='lat' dir='ltr'><strong>vivorum</strong></span> <span class='ocrx_word' id='word_1_170' title='bbox 878 2351 946 2408; x_wconf 90' lang='lat' dir='ltr'><strong>vitia</strong></span> <span class='ocrx_word' id='word_1_171' title='bbox 960 2351 1052 2429; x_wconf 86' lang='lat' dir='ltr'><strong>carpit</strong></span> <span class='ocrx_word' id='word_1_172' title='bbox 1063 2349 1136 2428; x_wconf 66' lang='grc' dir='ltr'><strong>(ιδ).</strong></span> <span class='ocrx_word' id='word_1_173' title='bbox 1215 2427 1217 2431; x_wconf 23' lang='grc' dir='ltr'>Ι</span> 
     </span>
    </p>

    <p class='ocr_par' dir='ltr' id='par_1_16' title="bbox 250 2442 1033 2527">
     <span class='ocr_line' id='line_1_22' title="bbox 250 2442 1033 2527; baseline -0.006 -19"><span class='ocrx_word' id='word_1_174' title='bbox 250 2453 287 2508; x_wconf 88' lang='lat' dir='ltr'><strong>V.</strong></span> <span class='ocrx_word' id='word_1_175' title='bbox 309 2450 373 2518; x_wconf 74' lang='lat'><strong>164.</strong></span> <span class='ocrx_word' id='word_1_176' title='bbox 387 2453 449 2505; x_wconf 83' lang='lat' dir='ltr'><strong>Aut</strong></span> <span class='ocrx_word' id='word_1_177' title='bbox 462 2451 582 2504; x_wconf 84' lang='lat' dir='ltr'><strong>multum</strong></span> <span class='ocrx_word' id='word_1_178' title='bbox 595 2450 732 2524; x_wconf 80' lang='lat' dir='ltr'><strong>quaesitus</strong></span> <span class='ocrx_word' id='word_1_179' title='bbox 745 2442 861 2524; x_wconf 61' lang='lat' dir='ltr'><strong>Hylai]</strong></span> <span class='ocrx_word' id='word_1_180' title='bbox 875 2446 1033 2527; x_wconf 80' lang='lat' dir='ltr'><strong>Virgilius:</strong></span> 
     </span>
    </p>

    <p class='ocr_par' dir='ltr' id='par_1_17' title="bbox 278 2535 1003 2630">
     <span class='ocr_line' id='line_1_23' title="bbox 278 2535 1003 2630; baseline -0.006 -14"><span class='ocrx_word' id='word_1_181' title='bbox 278 2609 282 2616; x_wconf 90' lang='lat'><strong>.</strong></span> <span class='ocrx_word' id='word_1_182' title='bbox 387 2567 422 2613; x_wconf 90' lang='lat' dir='ltr'><strong>Ut</strong></span> <span class='ocrx_word' id='word_1_183' title='bbox 438 2565 510 2613; x_wconf 87' lang='lat' dir='ltr'><strong>littus</strong></span> <span class='ocrx_word' id='word_1_184' title='bbox 527 2563 591 2630; x_wconf 82' lang='lat' dir='ltr'><strong>Hyla</strong></span> <span class='ocrx_word' id='word_1_185' title='bbox 608 2535 677 2630; x_wconf 38' lang='lat' dir='ltr'><strong>Hyla!</strong></span> <span class='ocrx_word' id='word_1_186' title='bbox 688 2580 762 2628; x_wconf 76' lang='lat' dir='ltr'><strong>omne</strong></span> <span class='ocrx_word' id='word_1_187' title='bbox 778 2575 884 2613; x_wconf 85' lang='lat' dir='ltr'><strong>sonaret.</strong></span> <span class='ocrx_word' id='word_1_188' title='bbox 1000 2565 1003 2570; x_wconf 78' lang='grc'>’</span> 
     </span>
    </p>
   </div>
   <div class='ocr_carea' id='block_1_5' title="bbox 235 2668 793 2858">
    <p class='ocr_par' dir='ltr' id='par_1_18' title="bbox 235 2668 793 2858">
     <span class='ocr_line' id='line_1_24' title="bbox 248 2668 729 2746; baseline -0.01 -19"><span class='ocrx_word' id='word_1_189' title='bbox 248 2674 285 2727; x_wconf 87' lang='lat' dir='ltr'><strong>V.</strong></span> <span class='ocrx_word' id='word_1_190' title='bbox 305 2668 372 2727; x_wconf 82' lang='lat'><strong>168.</strong></span> <span class='ocrx_word' id='word_1_191' title='bbox 387 2671 464 2726; x_wconf 84' lang='lat' dir='ltr'><strong>Inde</strong></span> <span class='ocrx_word' id='word_1_192' title='bbox 484 2670 559 2738; x_wconf 82' lang='lat' dir='ltr'><strong>1&#39;roe.]</strong></span> <span class='ocrx_word' id='word_1_193' title='bbox 572 2668 729 2746; x_wconf 84' lang='lat' dir='ltr'><strong>Virgilius:</strong></span> 
     </span>
     <span class='ocr_line' id='line_1_25' title="bbox 235 2782 793 2858; baseline -0.005 -25"><span class='ocrx_word' id='word_1_194' title='bbox 235 2806 239 2814; x_wconf 70' lang='lat'>¹</span> <span class='ocrx_word' id='word_1_195' title='bbox 312 2847 317 2858; x_wconf 16' lang='grc' dir='ltr'><strong><em>Β</em></strong></span> <span class='ocrx_word' id='word_1_196' title='bbox 382 2785 447 2832; x_wconf 84' lang='lat' dir='ltr'><strong>Hinc</strong></span> <span class='ocrx_word' id='word_1_197' title='bbox 463 2783 527 2832; x_wconf 87' lang='lat' dir='ltr'><strong>mihi</strong></span> <span class='ocrx_word' id='word_1_198' title='bbox 543 2785 624 2848; x_wconf 85' lang='lat' dir='ltr'><strong>prima</strong></span> <span class='ocrx_word' id='word_1_199' title='bbox 641 2784 700 2832; x_wconf 85' lang='lat' dir='ltr'><strong>mali</strong></span> <span class='ocrx_word' id='word_1_200' title='bbox 715 2782 793 2830; x_wconf 86' lang='lat' dir='ltr'><strong>labes.</strong></span> 
     </span>
    </p>
   </div>
   <div class='ocr_carea' id='block_1_6' title="bbox 208 2871 1266 3255">
    <p class='ocr_par' dir='ltr' id='par_1_19' title="bbox 208 2871 1266 3255">
     <span class='ocr_line' id='line_1_26' title="bbox 208 2871 1220 2956; baseline -0.001 -9"><span class='ocrx_word' id='word_1_201' title='bbox 208 2871 361 2948; x_wconf 75' lang='lat' dir='ltr'><strong>iracundia</strong></span> <span class='ocrx_word' id='word_1_202' title='bbox 374 2886 544 2946; x_wconf 88' lang='lat' dir='ltr'><strong>accenditur</strong></span> <span class='ocrx_word' id='word_1_203' title='bbox 557 2906 683 2956; x_wconf 88' lang='lat' dir='ltr'><strong>nocens,</strong></span> <span class='ocrx_word' id='word_1_204' title='bbox 699 2885 855 2944; x_wconf 89' lang='lat' dir='ltr'><strong>criminum</strong></span> <span class='ocrx_word' id='word_1_205' title='bbox 873 2887 1050 2944; x_wconf 87' lang='lat' dir='ltr'><strong>couscientia</strong></span> <span class='ocrx_word' id='word_1_206' title='bbox 1062 2887 1220 2948; x_wconf 85' lang='lat' dir='ltr'><strong>lacessitus.</strong></span> 
     </span>
     <span class='ocr_line' id='line_1_27' title="bbox 250 2981 1266 3062; baseline 0.002 -20"><span class='ocrx_word' id='word_1_207' title='bbox 250 2990 287 3042; x_wconf 88' lang='lat' dir='ltr'><strong>V.</strong></span> <span class='ocrx_word' id='word_1_208' title='bbox 305 2986 371 3061; x_wconf 85' lang='lat'><strong>169.</strong></span> <span class='ocrx_word' id='word_1_209' title='bbox 387 2987 561 3054; x_wconf 75' lang='lat' dir='ltr'><strong>Calcatum]</strong></span> <span class='ocrx_word' id='word_1_210' title='bbox 577 2982 766 3062; x_wconf 88' lang='lat' dir='ltr'><strong>Metaphora:</strong></span> <span class='ocrx_word' id='word_1_211' title='bbox 779 2981 860 3040; x_wconf 87' lang='lat' dir='ltr'><strong>tarde</strong></span> <span class='ocrx_word' id='word_1_212' title='bbox 876 2984 997 3060; x_wconf 86' lang='lat' dir='ltr'><strong>poenitet</strong></span> <span class='ocrx_word' id='word_1_213' title='bbox 1010 2985 1146 3044; x_wconf 88' lang='lat' dir='ltr'><strong>indixisse</strong></span> <span class='ocrx_word' id='word_1_214' title='bbox 1161 2987 1225 3044; x_wconf 86' lang='lat' dir='ltr'><strong>bel-</strong></span> <span class='ocrx_word' id='word_1_215' title='bbox 1263 3023 1266 3031; x_wconf 84' lang='lat'>·</span> 
     </span>
     <span class='ocr_line' id='line_1_28' title="bbox 213 3069 968 3162; baseline -0.005 -24"><span class='ocrx_word' id='word_1_216' title='bbox 213 3069 292 3150; x_wconf 87' lang='lat' dir='ltr'><strong>lum,</strong></span> <span class='ocrx_word' id='word_1_217' title='bbox 306 3078 375 3140; x_wconf 78' lang='lat' dir='ltr'><strong>ciam</strong></span> <span class='ocrx_word' id='word_1_218' title='bbox 385 3083 446 3159; x_wconf 87' lang='lat' dir='ltr'><strong>jam</strong></span> <span class='ocrx_word' id='word_1_219' title='bbox 460 3099 558 3160; x_wconf 88' lang='lat' dir='ltr'><strong>pugna</strong></span> <span class='ocrx_word' id='word_1_220' title='bbox 572 3080 727 3136; x_wconf 86' lang='lat' dir='ltr'><strong>commissa</strong></span> <span class='ocrx_word' id='word_1_221' title='bbox 740 3079 786 3136; x_wconf 90' lang='lat' dir='ltr'><strong>sit.</strong></span> <span class='ocrx_word' id='word_1_222' title='bbox 966 3159 968 3162; x_wconf 22' lang='grc' dir='ltr'>Ι</span> 
     </span>
     <span class='ocr_line' id='line_1_29' title="bbox 251 3174 1221 3255; baseline 0.001 -20"><span class='ocrx_word' id='word_1_223' title='bbox 251 3181 285 3236; x_wconf 88' lang='lat' dir='ltr'><strong>V.</strong></span> <span class='ocrx_word' id='word_1_224' title='bbox 297 3198 361 3251; x_wconf 86' lang='lat'><strong>171.</strong></span> <span class='ocrx_word' id='word_1_225' title='bbox 374 3181 501 3250; x_wconf 82' lang='lat' dir='ltr'><strong>Quorum</strong></span> <span class='ocrx_word' id='word_1_226' title='bbox 508 3179 648 3246; x_wconf 72' lang='lat' dir='ltr'><strong>Flamin]</strong></span> <span class='ocrx_word' id='word_1_227' title='bbox 656 3176 717 3232; x_wconf 86' lang='lat' dir='ltr'><strong>Viae</strong></span> <span class='ocrx_word' id='word_1_228' title='bbox 725 3175 871 3254; x_wconf 84' lang='lat' dir='ltr'><strong>inquibus</strong></span> <span class='ocrx_word' id='word_1_229' title='bbox 879 3174 993 3235; x_wconf 88' lang='lat' dir='ltr'><strong>nobiles</strong></span> <span class='ocrx_word' id='word_1_230' title='bbox 999 3178 1221 3255; x_wconf 86' lang='lat' dir='ltr'><strong>sepeliebantur.</strong></span> 
     </span>
    </p>
   </div>
   <div class='ocr_carea' id='block_1_7' title="bbox 622 3393 811 3414">
    <p class='ocr_par' dir='ltr' id='par_1_20' title="bbox 622 3393 811 3414">
     <span class='ocr_line' id='line_1_30' title="bbox 622 3393 811 3414; baseline -0.005 0"><span class='ocrx_word' id='word_1_231' title='bbox 622 3393 811 3414; x_wconf 60' lang='lat' dir='ltr'><strong>mmm</strong></span> 
     </span>
    </p>
   </div>
   <div class='ocr_carea' id='block_1_8' title="bbox 416 3556 1010 3615">
    <p class='ocr_par' dir='ltr' id='par_1_21' title="bbox 416 3556 1010 3615">
     <span class='ocr_line' id='line_1_31' title="bbox 416 3556 1010 3615; baseline 0 -3"><span class='ocrx_word' id='word_1_232' title='bbox 416 3557 466 3614; x_wconf 86' lang='lat' dir='ltr'><strong>IN</strong></span> <span class='ocrx_word' id='word_1_233' title='bbox 491 3557 710 3614; x_wconf 74' lang='lat' dir='ltr'>SATIRAM</span> <span class='ocrx_word' id='word_1_234' title='bbox 735 3556 1010 3615; x_wconf 75' lang='lat' dir='ltr'><strong>SECUNDAM.</strong></span> 
     </span>
    </p>
   </div>
   <div class='ocr_carea' id='block_1_9' title="bbox 492 3721 943 3756">
    <p class='ocr_par' dir='ltr' id='par_1_22' title="bbox 492 3721 943 3756">
     <span class='ocr_line' id='line_1_32' title="bbox 492 3721 943 3756; baseline 0.002 -2"><span class='ocrx_word' id='word_1_235' title='bbox 492 3721 530 3754; x_wconf 77' lang='grc' dir='ltr'>Μ</span> <span class='ocrx_word' id='word_1_236' title='bbox 549 3721 758 3756; x_wconf 69' lang='grc' dir='ltr'><strong>ΡΙΠιΜΟΠΗ</strong></span> <span class='ocrx_word' id='word_1_237' title='bbox 775 3721 943 3756; x_wconf 77' lang='lat' dir='ltr'><strong>oascontls.</strong></span> 
     </span>
    </p>
   </div>
   <div class='ocr_carea' id='block_1_10' title="bbox 216 3829 1221 4036">
    <p class='ocr_par' dir='ltr' id='par_1_23' title="bbox 216 3829 1221 4036">
     <span class='ocr_line' id='line_1_33' title="bbox 247 3829 1221 3940; baseline 0.005 -20"><span class='ocrx_word' id='word_1_238' title='bbox 247 3867 286 3940; x_wconf 82' lang='lat' dir='ltr'><strong>V.</strong></span> <span class='ocrx_word' id='word_1_239' title='bbox 299 3883 327 3919; x_wconf 87' lang='lat' dir='ltr'><strong>r.</strong></span> <span class='ocrx_word' id='word_1_240' title='bbox 341 3863 422 3940; x_wconf 82' lang='lat' dir='ltr'><strong>Ultra</strong></span> <span class='ocrx_word' id='word_1_241' title='bbox 431 3829 645 3930; x_wconf 68' lang='lat' dir='ltr'><strong>Suarattaratae]</strong></span> <span class='ocrx_word' id='word_1_242' title='bbox 658 3862 794 3918; x_wconf 69' lang='lat' dir='ltr'><strong>Sumatur</strong></span> <span class='ocrx_word' id='word_1_243' title='bbox 805 3859 903 3931; x_wconf 82' lang='lat' dir='ltr'><strong>ultimi</strong></span> <span class='ocrx_word' id='word_1_244' title='bbox 914 3861 990 3920; x_wconf 86' lang='lat' dir='ltr'><strong>ultra</strong></span> <span class='ocrx_word' id='word_1_245' title='bbox 1001 3865 1126 3924; x_wconf 88' lang='lat' dir='ltr'><strong>Pontum</strong></span> <span class='ocrx_word' id='word_1_246' title='bbox 1138 3878 1221 3936; x_wconf 84' lang='lat' dir='ltr'><strong>sunt,</strong></span> 
     </span>
     <span class='ocr_line' id='line_1_34' title="bbox 216 3947 1182 4036; baseline 0.003 -19"><span class='ocrx_word' id='word_1_247' title='bbox 216 3951 303 4018; x_wconf 86' lang='lat' dir='ltr'><strong>vicini</strong></span> <span class='ocrx_word' id='word_1_248' title='bbox 315 3947 604 4032; x_wconf 73' lang='lat' dir='ltr'><strong>Amanonum‚uude</strong></span> <span class='ocrx_word' id='word_1_249' title='bbox 619 3956 863 4020; x_wconf 84' lang='lat' dir='ltr'><strong>Sauromatibus*</strong></span> <span class='ocrx_word' id='word_1_250' title='bbox 876 3958 1071 4036; x_wconf 84' lang='lat' dir='ltr'><strong>appellantur.</strong></span> <span class='ocrx_word' id='word_1_251' title='bbox 1177 3971 1182 3981; x_wconf 88' lang='grc'><strong>’</strong></span> 
     </span>
    </p>
   </div>
   <div class='ocr_carea' id='block_1_11' title="bbox 0 0 1484 4662">
    <p class='ocr_par' dir='ltr' id='par_1_24' title="bbox 0 0 1484 4662">
     <span class='ocr_line' id='line_1_35' title="bbox 0 0 1484 4662; baseline 0 0"><span class='ocrx_word' id='word_1_252' title='bbox 0 0 1484 4662; x_wconf 95' lang='lat' dir='ltr'><strong> </strong></span> 
     </span>
    </p>
   </div>
  </div>
 </body>
</html>
