2930 4660
376 391 550 458 Norae
576 392 632 458 tu
656 393 984 483 tumultun.
1111 417 1170 463 ,αι

181 515 374 593 inhugusto,
388 535 450 592 cap.
463 523 505 584 ¹41
521 537 529 571 ε
546 517 747 574 «Senatorium
767 537 879 577 censum
897 517 1101 595 amphusium
1121 537 1175 595 pro

183 611 437 688 «octingentorum
451 609 576 668 millium
588 629 700 670 summa
710 611 866 672 duodecies
874 615 930 672 Its.
944 613 1047 672 taxavit
1060 613 1173 692 supple

182 733 195 759 u
206 708 304 784 vitque
314 725 374 764 non
387 705 591 764 habentibus.»
614 711 647 766 C.

540 895 816 924 mmmmm
850 901 852 906 ·

218 1029 364 1088 norun
385 1029 433 1084 ru
452 1027 655 1086 snrmnn
674 1029 889 1086 nanturra
909 1029 1131 1100 Qorurnu.

177 1216 211 1258 v.
237 1217 262 1256 1.
280 1192 363 1275 Quis
379 1193 496 1273 nescit,
512 1193 625 1256 Volusi
633 1192 809 1278 Bithynice,
821 1209 883 1258 etc.
894 1192 928 1280 l]

220 1339 336 1408 Suidas,
350 1357 385 1396 ex
403 1339 536 1416 Lampria
556 1339 700 1415 quodam,
715 1340 817 1417 scripta
836 1340 979 1399 Plutarchi
1000 1343 1089 1411 iuter,
1104 1341 1171 1401 citat

178 1447 343 1492 mtmeratve
356 1437 415 1506 πρὸς
430 1437 547 1504 Βιρυνικδν
565 1437 622 1508 pupi
632 1439 735 1510 ‚pti-iate
744 1435 780 1508 ad
797 1439 981 1516 'Bithynicum
999 1437 1035 1495 de
1048 1440 1173 1520 amicitie

179 1529 328 1598 libellum,
344 1531 396 1608 qui
408 1543 469 1599 est,
483 1543 617 1608 utputo,
631 1533 760 1589 Volusius
772 1535 820 1588 ille
831 1531 1015 1606 Bithynicus,
1032 1533 1068 1592 ad
1082 1554 1170 1611 quem
1239 1521 1241 1530 ’

179 1623 226 1682 hic
241 1625 338 1683 scribit
347 1625 501 1683 luvenalis.
514 1629 546 1683 C.

177 1770 206 1812 v.
229 1771 241 1810 1
248 1793 686 1812 ..............
711 1747 824 1830 Qualia
841 1748 971 1814 demens

278 1848 441 1936 Aegyptus
449 1863 597 1934 portenta
612 1845 717 1910 colat?
734 1847 916 1912 Crocodilon
931 1849 1041 1914 adorat

280 1939 355 2006 Pars
369 1935 454 2024 haec5
468 1941 523 2004 illa
538 1959 631 2030 pavet
646 1959 785 2006 saturam
799 1945 996 2032 serpentibus
1008 1945 1096 2009 Ibim.

179 2071 225 2130 Sic
235 2072 371 2149 Virgilius
383 2073 471 2142 dixit,
482 2073 626 2140 Aeneidos
638 2074 689 2132 lib.
702 2077 791 2132 VIII:

348 2195 557 2262 omnigenumque
569 2195 648 2244 Dedan
658 2207 779 2252 monstra,
791 2205 815 2244 et
825 2197 927 2246 latrator
935 2197 1043 2246 Anubis.

178 2305 272 2362 Amici
288 2307 421 2364 crocodili
438 2321 506 2366 sunt
528 2309 647 2364 Ombitoe
655 2351 664 2377 ,
688 2309 808 2382 Coptitae
816 2351 825 2377 ,
840 2311 998 2363 Arsenoitoe
1006 2285 1046 2377 ,.a
1060 2309 1166 2386 quihus

178 2399 277 2458 divino
291 2401 397 2459 honore
408 2403 547 2474 allicitur,
563 2403 735 2480 foveturque
748 2401 784 2458 ab
797 2399 842 2459 his
855 2404 885 2459 in
897 2401 1051 2480 paludibus
1066 2423 1167 2463 manu·

177 2494 270 2565 lactis,
280 2509 308 2554 et
317 2498 458 2576 capitibus
466 2498 592 2556 hostium
601 2497 700 2567 alitur,
709 2498 826 2575 proprio
834 2499 951 2556 nomine
960 2499 1165 2576 compellatum

176 2605 210 2650 ut
222 2594 308 2664 refert
322 2593 457 2652 Aelianus
471 2595 508 2652 de
521 2593 644 2652 Animal.
656 2593 707 2652 lib.
720 2597 764 2663 X,
778 2593 920 2672 capitibus
936 2615 970 2652 21
987 2605 1015 2652 et
1031 2603 1076 2662 at.
1093 2600 1166 2652 Iba·

176 2692 269 2763 trritoe
281 2703 378 2748 autem
392 2691 457 2746 Iber
471 2693 616 2747 crocodilis
632 2689 761 2748 inimicus
775 2687 910 2761 adorant,
925 2706 1047 2768 quarum
1053 2709 1166 2767 peteme
1264 2699 1267 2707 “

176 2783 199 2840 si
210 2784 364 2842 crocodilis
371 2785 587 2856 admoveantur,
596 2785 726 2863 protinus
738 2783 951 2864 obtorpescunt,
958 2797 1028 2844 teste
1035 2785 1164 2858 Aeliano,

175 2877 225 2937 lib.
234 2881 279 2950 X,
292 2899 354 2960 cap.
365 2881 410 2937 30.
422 2885 515 2951 Quam
526 2899 593 2938 vero
607 2881 721 2950 turbam
730 2881 917 2937 ridiculorum
927 2885 1054 2937 Deorum
1070 2881 1165 2940 colue-

175 2973 232 3032 rint
241 2975 375 3052 Aegyptii
392 2975 491 3033 uullus
503 2977 630 3054 ignorat,
647 2973 714 3033 ciam
728 2993 827 3034 omnes
839 2987 990 3033 auctorum
1002 2977 1112 3053 paginae
1122 2977 1165 3034 lo·

175 3083 309 3147 quantur.
332 3075 405 3130 Nam
426 3072 478 3148 (ut
496 3071 659 3130 latratorem
679 3073 823 3142 Anubim,
837 3069 1005 3148 reliquaque
1025 3072 1054 3129 id
1074 3093 1164 3150 genus

174 3162 300 3224 monstra
318 3167 565 3246 praetermittam),
585 3168 830 3246 quemadmodum
848 3167 993 3250 permulta
1014 3168 1162 3240 animalia,

172 3262 211 3320 ita
225 3274 254 3319 et
267 3263 436 3332 inanimata,
450 3277 480 3322 et
492 3284 562 3344 cepe
579 3277 609 3325 et
626 3283 762 3344 porum,
772 3276 858 3342 atque
873 3264 1005 3341 quaedam
1018 3264 1072 3322 alia
1086 3265 1163 3322 olera

173 3377 226 3434 pro
239 3359 301 3414 Diis
315 3357 488 3416 habuerunt.
503 3361 581 3430 Quin
599 3372 628 3418 et
646 3360 742 3437 ipsum
755 3361 860 3416 ventris
879 3359 979 3416 flatum
999 3377 1049 3416 seu
1068 3362 1163 3437 potius

172 3453 314 3530 crepitum
323 3453 474 3512 Pelusiotae
486 3454 641 3513 adordrnut
655 3453 709 3512 sub
719 3453 840 3512 ridicula
848 3455 1161 3532 recensueritis-specie.

171 3551 267 3627 Hujus
277 3551 412 3608 ventriosi
426 3550 552 3608 numinis
571 3551 649 3628 signa
669 3551 728 3608 duo
748 3564 819 3608 urea
836 3551 1003 3629 perantiwa
1016 3551 1163 3628 singulari-

170 3645 251 3713 tatis,
265 3646 447 3723 nritotisque
457 3646 568 3702 eximias
578 3657 756 3707 asservantur
768 3660 835 3702 cum
843 3646 923 3704 mille
931 3645 994 3702 aliis
1002 3646 1085 3702 variae
1096 3665 1162 3707 etu-

168 3737 285 3796 ditionis
296 3741 496 3814 monumentis
502 3741 532 3797 in
547 3739 660 3801 cimelio
673 3739 778 3796 chrias.
791 3752 824 3798 et
833 3739 1011 3798 doctiss-amc
1021 3759 1080 3798 noa
1091 3741 1164 3804 mihi

170 3836 332 3894 amicissirni
348 3837 399 3892 viri
419 3835 651 3894 caroltoesaris
669 3835 843 3904 hadelotih
857 3836 909 3912 qui
929 3835 1043 3896 doctum
1057 3837 1093 3908 ds
1106 3837 1163 3896 boc

117 3925 119 3930 ’
171 3931 473 4009 Deocsepitumulli·
480 3931 705 4010 antiquariorum
715 3941 798 3990 auus
806 3949 937 4008 unquam
948 3931 1165 4004 viso,disserta·
1281 3929 1284 3936 “
