2922 4672
397 339 774 412 comittuntur
801 343 955 412 SUNT.
1113 366 1173 412 ur

280 513 524 618 nrvrsto
552 538 629 618 ΕΤ
662 537 1060 620 ARGUMENTA

395 731 669 792 SATIRARUM
694 733 955 794 JUVENALIS.

207 915 355 977 luvenalis
368 915 467 974 Satirae
480 914 628 974 sexdecim
644 915 675 973 in
693 915 795 974 multis
807 915 976 990 codicibus,
992 936 1052 976 tant
1064 919 1178 998 scriptis

169 1011 258 1094 quim
271 1013 375 1083 editis,
388 1011 607 1070 distribuuntur
619 1011 650 1068 iu
663 1011 795 1090 quinque
806 1011 914 1084 libros,
928 1031 1056 1092 quorum
1067 1014 1179 1092 primus

169 1111 303 1190 quinque
317 1109 449 1188 priores,
463 1107 611 1183 secundus
633 1119 761 1179 textam,
775 1109 877 1180 tertius
889 1112 963 1182 Vll,
978 1113 1051 1170 vul
1070 1101 1104 1168 et
1116 1113 1179 1182 IX,
1197 1127 1200 1134 ¹

169 1219 292 1286 quartus
307 1209 354 1276 X,
368 1208 412 1262 XI
426 1217 456 1264 et
468 1207 546 1276 XII,
561 1204 683 1284 quintus
702 1216 759 1264 tren
779 1204 897 1264 ultimas
915 1205 1128 1285 complectitur.
1142 1207 1181 1266 Hi

169 1305 238 1363 libri
251 1302 411 1362 laudantur
422 1304 484 1382 jam
502 1302 694 1374 amieriam,
706 1313 736 1359 et
756 1321 773 1360 a
793 1314 851 1360 vet.
872 1301 964 1362 schol.
985 1303 1023 1362 ad
1042 1315 1094 1362 sat.
1115 1307 1179 1376 ΙΙΙ,

171 1411 239 1471 ato.
253 1403 336 1460 Hanc
357 1400 531 1459 divisionem
551 1419 611 1458 nou
629 1399 821 1471 retinuimua3
839 1401 909 1478 quia
928 1421 1032 1480 parum
1051 1413 1117 1480 apta
1137 1413 1181 1460 eet

173 1499 260 1575 (nam
276 1497 345 1556 libri
363 1497 496 1576 plerique
516 1516 576 1556 nou
596 1496 655 1556 niti
671 1508 729 1556 tres
749 1497 865 1568 atinae,
883 1508 912 1555 et
932 1497 1077 1558 secundus
1092 1518 1182 1558 uuam

172 1606 287 1658 tantum
303 1593 452 1671 continet)
467 1613 475 1650 ε
490 1605 522 1652 et
540 1593 578 1652 eb
597 1594 662 1672 ipso
680 1596 768 1670 poeta
787 1613 852 1652 eum
871 1593 1032 1672 profectam
1053 1612 1114 1654 cese
1133 1595 1183 1652 vix

172 1690 390 1748 crediderimus.
407 1689 496 1768 Finge
514 1701 612 1750 tamen
625 1689 725 1748 satirae
737 1708 839 1748 omnes
849 1691 880 1748 in
896 1692 1027 1770 quinque
1042 1690 1133 1750 libros
1145 1689 1183 1748 ab
1248 1764 1252 1770 ἱ

172 1799 289 1846 auctore
304 1797 404 1846 nostro
423 1785 586 1865 dispertitas
606 1786 710 1856 suine,
724 1786 755 1848 id
774 1787 812 1844 ed
832 1786 965 1846 ordinem
980 1787 1182 1846 recitationum
1218 1819 1223 1828 ·

174 1882 357 1962 publicarum
378 1895 449 1940 tunc
469 1883 608 1961 temporie
627 1895 772 1943 temetum
790 1895 947 1962 oporteret,
962 1883 1044 1962 quod
1063 1857 1194 1962 quidem¹

171 1980 257 2038 nobis
272 1980 387 2038 minimi
401 1991 444 2038 eet
459 1979 610 2038 momenti.
629 1979 769 2038 Ordinem
789 1981 879 2059 igitur
897 1993 1074 2060 perpetuum
1088 2001 1184 2040 servu-

176 2077 289 2146 vimus,
302 2075 413 2154 absque
427 2075 488 2134 ullu
502 2075 651 2135 mentione
665 2075 819 2134 librorum.

211 2177 318 2233 Praeter
335 2172 437 2232 titulos
455 2187 485 2231 et
505 2185 693 2251 argumente,
710 2193 777 2251 quae
801 2193 838 2232 ex
859 2172 1011 2231 codicibus
1029 2173 1184 2251 desumpta

173 2269 284 2346 cuique
298 2269 389 2327 satirae
400 2269 577 2348 praefiximus
587 2311 596 2338 ,
606 2268 662 2326 alia
673 2267 818 2347 permulta
827 2269 858 2326 in
867 2267 1019 2328 codicibus
1030 2280 1060 2326 et
1070 2270 1184 2347 scriptia

175 2363 206 2423 el
219 2363 305 2422 editis
316 2363 397 2422 libris
407 2367 485 2424 varia
497 2365 622 2434 ratione,
634 2377 664 2423 et
671 2364 719 2423 vel
728 2383 828 2442 prosa,
839 2363 887 2422 vel
898 2383 980 2423 versa
991 2364 1121 2422 oratione
1132 2383 1184 2422 ex-

176 2480 273 2540 pressa
292 2460 447 2540 leguntur3
462 2480 589 2539 quaeqne
610 2462 707 2520 omnia
727 2460 785 2520 hoc
804 2462 871 2520 loco
891 2477 1060 2520 enumerare
1079 2459 1184 2520 inutile

176 2570 227 2615 est.
242 2559 282 2615 Ee
294 2569 391 2616 tamen
402 2557 549 2616 memoriae
556 2557 693 2636 juvandae
704 2577 790 2616 causa
800 2579 817 2616 a
828 2557 1003 2618 Mancinello
1014 2557 1184 2616 concinnata

174 2653 326 2712 addemus.

223 2843 401 2915 Argumenta
414 2840 574 2896 Satirarum
588 2839 627 2896 ab
641 2839 748 2896 Anton.
762 2839 940 2896 Manciuello
954 2841 1135 2898 concinnata.

254 3025 350 3082 Peima
363 3023 449 3082 dccet
463 3025 562 3082 Satirae
575 3041 678 3082 causac
692 3023 875 3103 formamque
888 3021 992 3082 libelli.

256 3122 316 3193 Qui
330 3119 470 3178 simulant
483 3121 603 3191 Curios,
615 3122 706 3180 Satira
719 3131 839 3199 patuere
852 3119 995 3179 Secunda.

126 3210 133 3216 ⁵
255 3216 299 3274 Ex
311 3216 391 3276 Vrbe
404 3217 719 3300 Vmbritiidigressum
732 3217 829 3276 Tertia
842 3228 946 3274 narrat.

257 3318 366 3385 Quarta
379 3313 500 3391 quidem
514 3313 681 3392 Crispinum
696 3313 759 3371 odit
772 3312 948 3390 calvumque
960 3314 1115 3372 Neronem.

182 3422 186 3428 ·
258 3413 358 3468 Ganeo
371 3430 438 3488 que
451 3409 555 3469 tolerat
568 3411 726 3489 parasitus,
741 3411 849 3482 Quinta
862 3409 983 3468 notavit.

258 3509 343 3566 Sexta
357 3505 420 3566 haee
433 3505 536 3564 infidae
549 3507 687 3566 mulieres
701 3505 804 3586 pandit
815 3505 943 3564 abunde.

258 3605 387 3681 Septima
400 3601 581 3662 demonstrat
593 3606 718 3662 Romam
731 3601 774 3660 nil
785 3601 859 3661 ferre
872 3601 975 3680 poetis.
1026 3591 1064 3667 ’δ”

257 3699 372 3759 Nobilis
386 3702 495 3758 Octava
509 3701 626 3781 proprie
639 3701 747 3758 virtute
761 3711 891 3758 vocatur.

257 3797 367 3876 Turpia
381 3797 435 3874 qui
448 3795 590 3868 tolerant,
603 3799 687 3854 Nona
700 3807 862 3873 carpuntur
873 3793 961 3853 avari.
1009 3823 1019 3838 ι

258 3895 343 3954 Curae
356 3891 512 3954 hominum
524 3893 645 3955 Decima
661 3912 820 3971 rerumque
832 3890 927 3952 libido
940 3901 1099 3952 notanmr«
