2924 4662
269 360 332 430 ψ
384 357 388 366 ·
480 283 1057 412 ιιιιιιιιιιιιιιιιίιιιι

272 489 277 498 ·
305 465 343 524 V.
351 465 426 543 ’δορὶ
438 467 754 543 Humanarum]
766 467 856 546 Apud
868 466 1045 547 pudicitiara
1053 463 1277 537 concumbunt,

268 562 552 621 eturinamfuciunt.
1274 603 1280 617 .

273 671 277 700 1
307 661 344 714 V.
361 658 740 736 troizongiuptomfcue]
755 660 967 720 iactationibus
976 661 1020 737 (9)
1033 659 1131 718 luteis.

306 757 343 810 V.
357 757 425 812 312.
440 757 611 829 Treuiros]
623 749 669 836 'ln
680 755 750 816 clun
759 775 844 816 manc
856 758 1049 837 processerit,
1059 755 1174 814 luteum
1184 753 1282 814 calcas

267 849 368 908 uxoris
378 863 445 912 tuae.

245 1009 247 1018 ¹
306 948 342 1003 V.
360 948 427 1016 3ι4.
443 951 523 1006 Noto
536 951 630 1006 Bonoe
643 955 772 1020 secretu]
787 948 945 1026 Templum
958 947 1011 1006 ulti
1025 945 1143 1008 inu-avit
1155 944 1280 1004 Clodius

266 1061 321 1120 pro
334 1043 468 1120 psaltria,
479 1057 509 1102 et
518 1065 587 1104 cum
598 1065 691 1107 uxore
704 1045 850 1124 pontificis
863 1044 1044 1104 concubuit:
1058 1042 1100 1102 ihi
1112 1062 1180 1102 nam
1191 1043 1279 1102 saltat

266 1152 398 1198 matrona
410 1159 480 1198 cum
495 1142 576 1202 tibia.

305 1239 342 1294 V.
355 1237 422 1296 316.
432 1237 555 1315 Pn‘api.]
568 1236 603 1294 Id
614 1251 674 1308 ert,
687 1257 747 1296 ιιοιι
758 1237 855 1298 Liberi
865 1236 954 1314 patris
962 1235 1095 1306 bacchae,
1107 1234 1159 1294 ted
1167 1235 1273 1314 Priapi.

305 1335 342 1388 V.
360 1334 426 1390 320.
444 1333 587 1412 Saufeia]
601 1335 763 1394 Sacerdotis
776 1353 894 1396 nomon.
1236 1317 1238 1326 .

267 1429 340 1489 V.
366 1430 432 1486 3ιι.
453 1431 582 1486 Proemia
602 1437 712 1501 coctu]
734 1430 781 1488 Ad
801 1441 948 1488 certamen
962 1427 1031 1488 lacit
1046 1427 1183 1486 crisme
1204 1423 1277 1486 aliis

259 1543 385 1600 pemoe,
398 1536 432 1582 ut
444 1543 498 1602 pro
510 1545 630 1604 praemro
642 1545 730 1603 perna
741 1536 824 1584 esset

209 1693 211 1700 Ι
297 1621 341 1674 ·.V
361 1620 428 1676 322.
448 1623 520 1695 Ipsa
536 1622 716 1678 Medullinoe.
722 1621 734 1698 ]
749 1623 821 1678 Duae
841 1618 1011 1678 Medullinae
1032 1619 1137 1677 eodem
1153 1619 1275 1692 fuerunt

265 1726 414 1820 ternpore;
431 1733 466 1772 ex
484 1715 592 1792 quibua
609 1735 667 1772 una
680 1715 744 1772 Val.
766 1715 888 1774 Claudio
908 1727 1000 1792 nupta
1019 1715 1094 1783 fuit,
1110 1711 1199 1772 altera
1213 1716 1273 1771 Ne-

264 1807 348 1878 roni3
363 1808 443 1886 prior
457 1821 525 1868 nota
538 1809 676 1870 omnibus
689 1810 819 1888 probris,
834 1829 923 1888 quant
938 1809 986 1868 hic
1000 1809 1158 1888 significat,
1170 1821 1269 1887 postc-

265 1902 325 1962 rior
338 1903 421 1962 famae
435 1902 617 1962 honestioris.

304 1999 380 2058 lbid.
395 2000 594 2074 Flaccum.]1d
610 2015 670 2073 est,
683 2000 770 2060 habet
783 2001 927 2081 potiorem
941 2001 971 2060 in
986 1999 1129 2060 obscoenis
1142 1997 1271 2059 motibus

260 2106 392 2166 motum,
408 2097 467 2154 sive
479 2096 576 2156 sinum
587 2097 659 2174 (ro).

301 2191 378 2250 lbid.
392 2195 560 2264 entrance]
572 2193 696 2252 Crissaro
705 2191 878 2264 mulierum,
888 2198 989 2252 cerere
995 2193 1124 2256 virorum
1133 2203 1184 2251 eat.
1193 2190 1268 2252 Hinc

263 2301 412 2358 ceremon,
425 2279 529 2348 rirolles
540 2302 569 2348 et
581 2288 709 2350 obscoeni
724 2289 918 2370 appellantur.

302 2389 338 2441 V.
352 2384 417 2443 335.
429 2387 589 2462 Etpublica
598 2386 722 2464 saltem]
734 2387 809 2460 Quia
820 2385 966 2445 habehant
976 2398 1004 2444 et
1014 2386 1117 2464 privati
1127 2405 1180 2444 aua
1190 2404 1268 2444 sacta

262 2493 356 2540 antea.

301 2581 337 2634 v.
354 2579 420 2650 337.
439 2579 513 2651 (Juoe
520 2577 670 2656 psaltria]
685 2579 729 2634 De
743 2577 876 2658 psaltria,
891 2577 922 2636 id
934 2589 997 2647 eat,
1013 2577 1052 2659 de³
1060 2577 1166 2636 Clodio
1177 2576 1265 2646 dicit,

262 2675 314 2752 qui
329 2673 470 2750 templum
484 2675 569 2731 Bonae
583 2677 651 2730 Deae
666 2673 810 2752 ingressus
822 2671 924 2732 habitu
935 2673 1077 2752 psaltriae,
1089 2673 1267 2744 adulterium

261 2768 388 2826 admisit.

301 2869 337 2922 V.
351 2866 417 2922 338.
428 2869 494 2923 Duo
507 2867 630 2925 Ccesarrlr
640 2868 843 2948 Anticatones]
855 2865 1036 2929 Caenr'bello
1046 2865 1140 2935 civili,
1151 2865 1268 2944 cogniti

262 2960 377 3019 catonis
385 2973 493 3032 morte,
505 2963 589 3040 cujus
600 2963 738 3021 virtutem
749 2961 865 3041 dialogo
876 2963 929 3021 illo
940 2962 992 3039 qui
1003 2961 1170 3022 inscribitur
1178 2966 1266 3030 Coto,
1280 3000 1287 3046 2

206 3058 212 3076 ¹
260 3055 362 3114 Cicero
376 3058 463 3116 etiam
477 3057 623 3130 laudavit,
637 3057 728 3118 libros
742 3059 819 3118 duos
838 3043 1044 3116 famoiissirnos
1061 3058 1092 3120 iu
1107 3058 1194 3116 vitam
1211 3054 1288 3114 Ca··'

182 3133 187 3144 ¹
260 3152 337 3210 tonis
350 3151 456 3223 edidit,
470 3173 544 3232 quos
555 3154 743 3214 Anticatones
757 3153 910 3232 inscripsit.

298 3251 334 3306 V.
349 3251 414 3328 339.
432 3253 564 3308 Tertr'culi
572 3251 628 3308 uhi
639 3253 784 3322 conscius]
799 3251 846 3309 Ad
860 3249 1020 3330 templum,
1032 3250 1085 3310 ubi
1099 3268 1158 3309 nou
1169 3249 1266 3308 estias

259 3345 383 3416 inuare,
395 3365 450 3412 uec
463 3365 578 3406 murem
586 3347 773 3408 'ruaau'rlurn⁴

298 3446 334 3499 V
353 3445 856 3515 341.Altenusscouls]lllaaculini.

200 3595 203 3604 .
297 3542 335 3595 V.
351 3541 418 3608 343.
430 3541 617 3616 Simpuvr'um.
619 3545 630 3610 ]
642 3543 706 3598 Vas
713 3541 858 3602 sacrificiis
868 3554 986 3618 aptum,
999 3543 1102 3619 inquo
1114 3541 1266 3620 pontifices

255 3635 352 3696 lavare
366 3636 506 3697 solebant.
523 3636 707 3716 simpuvium
717 3649 834 3708 autem,
849 3639 917 3716 quia
931 3655 1033 3697 omnes
1025 3629 1244 3698 sacerdotes
1221 3657 1266 3696 sr-

257 3734 322 3793 mul
332 3731 491 3791 bizbebant
506 3731 577 3790 indo
589 3732 789 3811 simpuviatrix
801 3731 852 3792 illu
864 3733 972 3793 dicitur
980 3754 1078 3814 ‚quae
1074 3735 1201 3814 porrigit
1213 3754 1267 3816 po-

255 3831 381 3890 culum
372 3835 521 3908 rpsumfl
722 3859 726 3868 ·

296 3931 333 3985 V.
353 3925 419 3997 345.
434 3927 485 3984 Ad
495 3947 569 4006 quas
583 3947 640 3989 nou
649 3928 714 4008 (ιι)
727 3928 843 3990 modius
855 3947 936 3988 aras.
925 3933 1028 4024 .]·l³no¹
1039 3929 1180 3992 Clodius.
1195 3927 1267 3990 licet

455 4051 456 4056 κ
646 4039 651 4076 ι
