2930 4660
287 399 348 443 212
497 373 1069 445 t1.Euc.VAn·usionUM

284 497 364 574 quod
379 497 447 554 ferri
466 515 549 574 posse
564 496 686 554 videtur.
701 501 809 554 Tamen
827 509 856 554 et
872 496 1024 567 Pithoeus,
1037 509 1066 555 et
1086 494 1242 575 Rigadius,
1255 509 1286 555 et

286 591 517 671 Rapheleugius,
531 611 564 650 ac
578 593 672 650 caeteri
686 591 811 649 habent:

459 743 466 756 .
488 742 493 755 .
515 742 522 754 .
542 741 549 754 .
570 719 712 756 monstrum
725 707 794 754 nullrl
805 707 896 756 virtute
908 708 1063 772 redemptum

458 790 482 834 A
494 785 560 834 vitiis
569 801 576 843 ;
586 801 662 848 aeger,
677 784 777 846 solique
789 785 891 832 libidine
905 787 992 845 fortia,

458 864 564 912 Delicias
571 864 652 910 viduae
662 871 758 910 tantum
770 875 916 927 aspernatur
928 865 1032 912 adulter.

283 968 319 1024 ld
340 977 399 1036 est,
412 963 528 1022 viduam
550 963 717 1032 delicatam,
737 965 975 1022 consuetudinem
991 965 1087 1022 viduae
1105 968 1283 1038 contemnit,

285 1063 368 1138 friget
378 1060 415 1119 ad
425 1060 527 1118 viduas
539 1072 568 1117 et
578 1061 654 1138 jacet
667 1059 704 1116 ad
717 1060 833 1129 viduos,
843 1060 880 1118 od
892 1061 966 1118 solas
978 1061 1074 1138 arrigit
1085 1074 1198 1140 nuptae.
1208 1067 1284 1120 Puto

284 1157 358 1220 lianc
371 1156 521 1213 meliorem
536 1173 597 1214 esse
610 1155 774 1212 lectionem.
796 1156 832 1212 Η.

285 1293 313 1368 ν’.
332 1304 400 1370 150.
419 1305 494 1368 Haec
507 1304 553 1366 ibi
566 1302 593 1366 si
605 1325 672 1366 non
684 1319 776 1383 sunt,
790 1304 896 1368 minor
908 1319 1015 1370 exstat
1026 1295 1209 1394 sacrilegus,
1223 1307 1281 1392 qui

419 1398 520 1462 Radat
532 1399 669 1462 inaurati
683 1397 787 1462 lemur
800 1399 964 1482 Herculis,
980 1417 1011 1464 et
1023 1400 1134 1464 faciem
1149 1403 1250 1488 ipsam

417 1494 579 1580 Neptuni,
594 1495 650 1580 qui
663 1494 854 1557 bracteolam
870 1493 911 1558 de
924 1495 1052 1560 Castore
1066 1495 1169 1560 ducat.

417 1592 469 1652 An
488 1588 629 1669 dubitet,
644 1589 751 1651 sottus
766 1605 868 1652 toturn
883 1589 1022 1654 conflare
1036 1590 1225 1654 tonantem?
1231 1591 1247 1678 ]

321 1740 363 1795 Ita
373 1736 509 1796 Pithoeus
520 1708 549 1792 let
559 1736 715 1813 Rigaltius,
725 1749 754 1794 et
763 1735 988 1815 Raphelengius,
1000 1751 1119 1798 etvetus
1129 1740 1280 1818 interpres,

283 1836 379 1889 solim
385 1877 396 1904 ,
410 1832 485 1890 male
499 1833 634 1902 omnino,
646 1843 674 1890 et
688 1833 748 1890 sine
762 1850 857 1889 sensu.
870 1833 970 1890 Valeat
982 1836 1146 1912 conjectura
1160 1857 1168 1892 :

457 1983 463 1996 .
481 1966 488 1980 ·
509 1983 515 1995 .
534 1983 540 1995 .
562 1982 568 1996 .
587 1949 671 1996 minor
681 1959 717 1996 est
725 1965 758 1995 an
772 1947 919 2012 saenlegus,
929 1948 990 2012 qui·

456 2026 537 2074 undar
547 2026 656 2073 honesti
667 2025 750 2072 lemur
759 2025 873 2074 Homolio
881 2059 888 2083 ,
896 2035 924 2074 et
935 2026 1022 2074 faeiem
1032 2027 1111 2091 ipsam

453 2104 579 2168 Neptuni,
592 2104 637 2180 qul
650 2103 798 2155 braoteolaru
812 2104 842 2150 de
855 2105 952 2152 Castore
966 2103 1054 2163 duoat,

455 2187 497 2233 An
511 2184 609 2232 dubitet
622 2183 719 2231 stolidus
734 2193 816 2231 totum
829 2183 936 2231 conflare
947 2185 1103 2234 Tonantem?

281 2290 397 2348 mutatis
411 2287 525 2346 duobus
540 2287 697 2357 litteris„et
712 2285 769 2344 und
783 2285 903 2344 sublaul.
926 2289 962 2344 H.

279 2462 309 2501 v.
329 2437 399 2523 157.
418 2439 495 2594 Ηεεῧ
513 2449 612 2616 quo]ta
633 2451 706 2523 pars
730 2433 902 2514 scelerum,
921 2457 991 2522 quae
1014 2450 1113 2498 custos
1137 2435 1277 2499 Gallicus

451 2593 454 2598 .
495 2533 566 2593 rbis.

318 2679 441 2749 Statius,
455 2677 506 2734 lib.
527 2681 541 2733 Ι
561 2676 660 2734 Silvar.
680 2673 710 2734 in
727 2677 835 2734 soten'a‘s
846 2677 967 2756 (soten'a
985 2693 1081 2738 autem
1099 2657 1272 2752 dicendum}

277 2778 311 2830 τὰ
329 2777 436 2845 σωτήρια
451 2773 528 2831 enim
548 2784 616 2830 sunt
634 2775 776 2846 sacrificia
798 2791 851 2851 pro
873 2791 993 2851 accepta
1016 2781 1108 2832 salute
1116 2820 1128 2846 ,
1146 2779 1274 2854 itemque

276 2874 478 2948 gratulationes
489 2869 661 2946 amicerum)
672 2889 725 2946 pro
736 2871 839 2932 duodo
851 2873 961 2932 ‚Gallico
973 2875 1105 2944 Valente,
1117 2874 1168 2950 qui
1177 2886 1276 2932 tameo

278 2967 377 3046 paullo
386 2977 455 3044 post
469 2964 541 3022 obiit
557 2964 610 3041 (ex
622 2963 726 3022 eodem
740 2965 829 3025 statio
842 2966 872 3022 in
887 2967 1086 3044 pretationeJ:

451 3075 550 3144 Quippe
564 3089 645 3126 mouet
658 3079 811 3144 longumque
819 3096 873 3128 reno
883 3080 999 3138 redeunte
1008 3083 1129 3142 monebit,

346 3189 348 3194 ·
452 3161 532 3220 Quem
542 3170 617 3221 penes
626 3155 752 3218 intrepidae
762 3157 824 3203 mitis
836 3159 942 3205 custodia
952 3161 1040 3207 Ilomoe.

275 3266 329 3324 Vel
340 3264 371 3321 hi
385 3262 438 3321 soli
448 3279 547 3320 versus
561 3259 683 3338 probant
697 3279 757 3315 esse
769 3257 847 3316 hune
861 3263 1178 3338 Gallreurnproey‘ectiem
1192 3269 1270 3337 Uror,

274 3382 371 3419 rerum
384 3360 511 3438 potiente
526 3355 706 3423 Domitiam,
721 3356 772 3431 qui
789 3355 920 3414 Juierulli
941 3372 1031 3416 curtos
1050 3363 1175 3418 Gallicus
1191 3363 1273 3419 Urbis

275 3470 410 3527 vocatur,
425 3473 512 3532 quem
530 3463 559 3508 et
576 3450 669 3508 soluta
688 3451 817 3509 oratione
837 3453 975 3522 scribere,
988 3465 1017 3511 et
1032 3455 1131 3532 le'gum
1146 3459 1272 3534 peritum

274 3571 350 3620 esse,
362 3562 391 3608 et
404 3550 433 3606 in
448 3546 564 3625 judiciis
581 3546 681 3601 mitem
698 3563 775 3614 esse,
788 3545 900 3624 aliaque
921 3547 957 3604 de
977 3567 1013 3606 eo
1027 3550 1120 3608 multa
1134 3553 1272 3630 praedicto

271 3647 371 3706 libello
386 3645 491 3704 Statius
505 3650 653 3700 memorat.
675 3642 708 3696 C.

274 3817 304 3858 v.
331 3794 389 3880 187
392 3829 839 3855 ...............
864 3787 1004 3852 Plurima
1016 3790 1093 3855 felix

420 3883 589 3950 Paullatim
602 3879 698 3961 uitia,
711 3895 810 3968 atque
822 3899 945 3949 errores
962 3887 1049 3952 exuit
1062 3909 1190 3968 omnes,
