2868 4658
272 383 336 463 354
446 384 503 451 IN
526 385 638 451 VET.
662 383 1103 452 COMMENTARIOS

268 508 323 562 sire
338 506 372 560 de
387 508 541 580 suppliciis,
553 509 591 561 sic
606 509 686 562 babet
699 528 706 559 :
719 509 804 574 Nam,
820 523 851 562 ut
865 529 923 562 mos
939 509 992 561 suit
1006 510 1139 582 bithynie
1153 508 1283 582 regibus.

270 596 364 650 lectica
374 596 523 667 octaphoro
537 597 685 650 ferebatur.
704 595 735 647 P.

307 685 347 753 (9)
358 686 451 756 Deoia]
469 694 512 738 An
528 688 630 751 dubia,
643 685 711 750 λοξὰ.
725 687 772 740 Est
787 687 881 744 cthoec
895 699 1032 758 postrema
1045 687 1234 758 interpretatio
1246 703 1284 740 ex

267 771 353 826 Valle
366 771 468 824 Probo.
487 772 517 823 P.

305 859 363 926 (to)
379 859 410 910 C.
423 859 566 930 Fulcinius]
585 860 637 912 Dio
654 871 681 913 ct
697 859 824 924 Tacitus,
838 861 958 927 Sofonius.
974 857 1056 930 Apud
1065 859 1134 912 vait.
1146 860 1284 926 Offlsnt‘ns:

270 957 298 998 et
304 947 387 1017 paulo
393 959 468 1018 post:
478 948 648 1020 piscatoriam
656 949 682 1000 in
689 949 785 1000 Achaia
793 949 925 1013 exercuit3
936 960 973 1012 ct,
981 960 1012 999 ut
1019 959 1165 1019 conspectu
1173 945 1284 1000 Claudii

271 1034 428 1086 abstineret.
449 1033 481 1086 P.

308 1122 593 1192 (11)Sts'pitesfiebant.]
611 1121 751 1192 Figebasrt.
770 1122 801 1173 P.

308 1209 367 1276 (ta)
380 1209 477 1258 Lectica
484 1210 577 1274 plumis
590 1213 685 1277 strata]
698 1208 767 1260 Ptin.
780 1209 829 1260 lib.
843 1208 954 1271 XXVI,
969 1225 1025 1278 cap.
1036 1209 1062 1260 3.
1083 1207 1113 1258 Ρ.

308 1294 367 1364 (13)
383 1297 449 1346 Vitia
462 1299 563 1365 carpit]
576 1298 617 1348 An
627 1297 720 1368 potius
729 1297 794 1350 vitia
803 1297 877 1368 carpi
888 1307 970 1350 vetet.
991 1295 1021 1346 P.

756 1423 803 1478 ΙΙ.

308 1541 321 1565 *
336 1528 540 1608 Sauromatibus.]
554 1542 627 1611 Lego
640 1524 834 1602 Sauromatidas,
844 1557 908 1592 cnm
917 1538 1063 1592 Henninio.
1081 1539 1111 1590 A.

306 1629 346 1695 (1)
361 1633 436 1678 Sacra
444 1631 567 1678 Barchon.
576 1647 609 1678 ea
619 1629 649 1679 iis
658 1631 743 1695 cond.]
750 1629 840 1698 Lego,
851 1645 884 1680 ex
893 1627 918 1679 S.
929 1626 958 1678 C.
968 1627 1076 1690 Livius,
1085 1625 1132 1678 lib.
1143 1625 1281 1691 XXXIX,

271 1713 422 1778 ueletiam,
434 1732 466 1766 ex
476 1715 543 1766 xtt.
555 1714 639 1778 Quod
653 1714 726 1767 idem
734 1713 868 1765 mendum
880 1715 934 1766 luit
948 1713 1022 1786 apud
1032 1714 1088 1766 Cic.
1099 1714 1144 1776 H,
1155 1713 1189 1766 de
1199 1714 1282 1785 legib.

272 1800 342 1852 Nam
355 1813 382 1853 et
394 1799 423 1850 in
437 1818 479 1852 eas
492 1800 595 1852 tabulas
609 1801 734 1854 translata
746 1799 856 1852 videtur
869 1800 912 1852 lex
925 1800 1021 1852 Numae
1036 1799 1070 1854 de
1082 1801 1225 1854 nocturnis
1234 1820 1284 1854 ex·

202 1921 206 1928 ·
273 1889 411 1960 ternisque
421 1888 510 1941 sacris.
531 1887 560 1939 P.
929 1937 933 1948 ,

283 1967 287 1974 ’
310 1977 350 2044 (s)
365 1979 464 2026 Publice
472 1976 630 2047 perpessus.)
645 1976 738 2041 Valla,
748 1975 877 2044 professus.
895 1975 927 2027 P.

309 2066 322 2090 '¹
337 2069 387 2115 Sed
397 2079 422 2115 et
436 2065 547 2136 Clodius.)
564 2065 657 2136 Lego:
673 2067 753 2116 Sedet
763 2066 854 2116 Dotnit.
869 2063 1010 2131 iltifratrtls
1020 2065 1143 2135 suifilt'ant
1151 2103 1159 2124 ,
1168 2079 1216 2116 ete.
1234 2066 1265 2115 A.

309 2151 349 2220 (3)
367 2156 427 2218 Quat
441 2166 541 2204 noverat
554 2173 611 2204 eum
623 2151 766 2222 corrumpi.)
784 2151 853 2204 Vall.
869 2151 937 2215 Quat
952 2149 1096 2204 dominum
1109 2169 1190 2205 suum
1205 2153 1284 2205 notit

274 2239 397 2311 prucidi.
417 2240 449 2292 P.

309 2329 350 2396 (4)
364 2331 538 2397 Subtemine.)
551 2327 717 2380 Subtemine.
739 2326 768 2377 P.
1115 2387 1117 2390 Ι

310 2415 350 2484 (5)
367 2419 504 2467 Salutantes
514 2417 590 2488 (lege
604 2419 734 2474 saltantes,
746 2433 778 2466 ex
788 2413 891 2484 Pith.)]
905 2411 998 2478 Valla,
1011 2416 1139 2465 calcantes.
1158 2414 1185 2466 P.

311 2505 351 2572 (6)
364 2507 452 2570 Magni
457 2504 599 2573 gestamen.)
612 2505 677 2556 Vet.
690 2504 769 2574 gloss.
780 2517 919 2570 gestamen,
931 2507 1067 2574 σκῆπτρον,
1079 2507 1110 2564 ὡς
1125 2501 1282 2566 latisssima.

275 2588 383 2640 Servius
393 2601 481 2641 tamen
492 2589 521 2640 in
532 2589 601 2641 illud
610 2589 666 2640 vtt
674 2590 738 2641 Aen.
747 2590 799 2641 boc
809 2589 906 2640 Priami
916 2601 1050 2660 gestamen
1061 2604 1128 2642 erat.
1136 2589 1283 2656 Diadems,

275 2676 367 2746 inquit
377 2714 386 2740 ‚
397 2676 464 2728 dicit
476 2695 482 2726 :
494 2694 557 2728 nam
566 2690 704 2748 sceptrum
714 2675 839 2730 dicturus
849 2688 898 2729 est.
916 2676 945 2727 P.

311 2764 324 2788 *
341 2765 390 2827 Qui
402 2764 468 2830 infra
483 2778 587 2828 tectum,
601 2763 654 2834 etc.)
669 2762 793 2816 Emendo
807 2782 814 2814 τ
833 2769 885 2814 Hoc
899 2765 1013 2823 lomim,-
1028 2767 1089 2830 qus'a
1101 2763 1169 2832 infra
1179 2777 1283 2824 tecnam,

277 2852 421 2921 (tegmen,
433 2851 574 2921 tunicam)
587 2855 689 2903 multam
704 2853 800 2902 seminis
815 2853 923 2904 creditur
937 2855 1103 2912 contraxisse,
1114 2857 1147 2902 ol
1156 2853 1283 2918 ftoandit.

274 2941 395 2992 dandam.
412 2943 443 2994 Α.

294 3026 350 3105 (7)
372 3034 503 3099 catonus]
521 3031 563 3082 An
582 3031 704 3082 catenam
720 3041 748 3080 et
763 3023 844 3090 inde,
857 3039 996 3080 currentes
1009 3043 1062 3098 per
1081 3040 1151 3080 tecta
1165 3031 1283 3089 Catosnb,

272 3117 352 3192 quod
367 3118 507 3170 Francisco
519 3117 596 3168 fratri
607 3117 696 3170 risum
712 3125 751 3166 est
761 3132 769 3181 ;
779 3116 857 3186 cujus
868 3114 978 3186 ‘ingenio
987 3114 1152 3186 'judicioque
1164 3115 1284 3167 multum

276 3209 376 3260 tribuo.
391 3205 488 3258 Victor
504 3205 656 3269 Uticensis,
668 3203 738 3255 Hist.
753 3202 809 3254 Atr.
819 3203 1008 3278 Venerabilem
1024 3221 1115 3255 senem
1129 3204 1158 3254 in
1173 3203 1284 3274 publica

275 3296 342 3348 facie
360 3296 462 3344 &tomis
477 3290 643 3344 ceciderunt.
658 3289 732 3341 Illud
744 3308 808 3344 vero
825 3303 997 3362 catorogare‚
1008 3289 1084 3362 quod
1097 3289 1142 3342 hic
1157 3289 1237 3342 etiam
1253 3291 1282 3342 in

244 3363 248 3374 ¹
274 3396 394 3434 mentem
403 3379 495 3443 venit,
505 3378 572 3432 mihi
582 3376 693 3450 quidem
703 3375 778 3449 apud
787 3395 875 3430 unum
884 3377 1026 3430 Arbitrum
1038 3377 1138 3430 lectum
1150 3387 1199 3429 est.
1216 3375 1248 3428 P.

310 3472 323 3495 *
338 3466 411 3519 Ibid.
422 3468 599 3532 Letaisama]
613 3464 694 3516 Forte
708 3465 873 3516 caedebantur.
891 3465 921 3515 Α.

309 3559 322 3583 *
336 3557 480 3624 Equabat.]
494 3553 639 3624 Intelligo:
655 3567 754 3603 catenas
762 3555 912 3620 gladiatores
925 3553 1028 3621 infamia
1040 3556 1163 3620 aquata.
1177 3549 1281 3605 Henni·

272 3644 336 3697 nius
346 3657 440 3696 contra
454 3640 579 3698 emendat
589 3645 712 3708 equabus,
725 3631 854 3712 fugiebat.
873 3637 904 3692 A.

746 3765 811 3820 111.

310 3885 350 3952 Ι(ι)
365 3883 505 3948 Camenas]
517 3877 660 3931 Camoenas.
676 3876 707 3930 P.

310 3971 352 4037 (a.)
367 3973 467 4022 Aricino
478 3969 551 4035 lacta]
564 3957 650 4019 Luco.
669 3963 699 4016 P.
