2868 4658
377 439 622 511 tutuvsrt.
649 433 876 507 summu
897 427 1025 512 xm
1122 438 1184 529 327

218 574 255 628 V.
271 561 318 644 76'.
333 567 524 644 Porreotaque
540 567 659 622 brachia
676 572 810 636 rursum]
827 565 903 637 Quia
916 566 1055 644 Trajonus
1067 563 1186 641 portum

181 668 307 745 Augusti
317 668 484 724 restauravit
493 667 524 724 iu
534 663 654 732 melius,
666 672 695 720 et
706 662 826 720 interius
836 662 991 733 tutiorem,
1004 661 1049 717 sui
1061 661 1187 720 nominis

180 763 258 822 iecit.
424 818 429 827 .

220 863 256 917 V.
278 881 325 935 77.
347 863 422 935 Quoe
436 861 548 937 pelago
570 861 705 926 comunt]
726 858 839 914 {fluant
859 874 957 926 mare,
977 867 1007 913 et
1030 855 1188 916 admittunt
1226 895 1228 898 -

67 959 73 966 '
181 967 285 1014 terram
298 955 429 1014 subdam.

219 1056 255 1112 V.
272 1055 320 1126 78.
335 1057 403 1112 Non
417 1055 460 1108 sic
473 1053 562 1127 ipp'tro
573 1050 733 1118 mirabere]
746 1046 782 1104 td
792 1059 853 1119 est,
865 1048 925 1105 uon
934 1059 1005 1106 suut
1014 1049 1053 1106 ita
1063 1049 1188 1109 mirandi

177 1162 282 1229 portus
294 1148 457 1219 naturales,
470 1143 559 1226 quam
570 1146 625 1224 qui
638 1165 728 1202 murm
738 1144 833 1201 fiunt.¹
909 1197 911 1204 ,

219 1248 256 1303 V.
274 1265 321 1322 79.
340 1249 452 1302 Trunca
461 1263 566 1320 puppe
580 1243 734 1316 magister]
749 1244 894 1298 Tmucata
907 1259 988 1298 nave.

220 1342 257 1397 V.
269 1343 316 1398 82.
329 1343 453 1398 Garrala
462 1342 573 1410 securi]
581 1338 656 1410 Quia
666 1337 792 1396 libenter
801 1336 981 1414 frequentius
991 1351 1108 1396 narrant
1117 1347 1188 1397 teui-
1260 1347 1262 1354 '

181 1449 323 1514 pestatem
334 1437 479 1514 perpessi,
492 1446 648 1514 postquam
660 1433 839 1491 devenerunt
850 1432 881 1489 iu
893 1444 995 1512 portus
1006 1435 1109 1492 securi.

221 1537 257 1590 V.
271 1534 319 1602 84.
334 1535 470 1609 Sertaque
481 1533 626 1602 demonia]
641 1515 785 1600 Coronas,
799 1529 956 1588 immolatis
970 1529 1080 1588 hostiis.
1189 1557 1193 1567 ¹

222 1633 258 1686 V.
269 1629 319 1686 ts.
333 1635 377 1686 Ae
385 1629 484 1686 molles
495 1641 595 1685 ornate
594 1628 702 1701 focos]
713 1625 820 1683 Molles
830 1625 959 1708 focos(5)
967 1629 1097 1686 Deorum
1106 1625 1188 1701 dicit,

182 1725 234 1804 qui
246 1724 284 1782 de
296 1737 360 1783 ture
374 1723 443 1782 facti
459 1736 535 1781 sunt.
648 1721 659 1743 ¹

219 1825 255 1878 V.
272 1823 320 1879 86.
333 1811 372 1880 Et
379 1841 464 1900 sacro
476 1843 504 1897 q.
519 1842 541 1878 r.
555 1824 607 1876 rite
613 1823 758 1901 permoto]
773 1818 919 1876 Sacrificio
932 1819 1089 1898 completo.

220 1923 256 1977 V.
270 1920 319 1977 88.
335 1923 490 1996 Accipiunt
493 1921 539 1994 fr.
555 1939 579 1976 s.
596 1939 625 1975 n.
641 1923 730 1988 cem]
744 1921 876 1975 Incerato
890 1919 969 1996 signa
980 1909 1120 1978 Deorum.

220 2017 258 2071 V.
273 2034 321 2090 90.
335 2019 430 2090 Atque
444 2035 543 2072 omnes
560 2017 649 2071 violoe
657 2015 683 2085 j.
698 2014 826 2092 coloret]
841 2014 933 2073 Violae
947 2035 1015 2073 narn
1028 2017 1190 2078 multorum

182 2117 253 2168 suut
266 2109 416 2180 colorum,
430 2129 601 2189 purpureae,
614 2109 704 2179 albae,
716 2129 820 2168 aureae.

224 2210 262 2264 V.
279 2226 326 2282 91.
339 2210 454 2280 Longos
467 2208 660 2288 erexitjonoa
672 2213 790 2288 ¹remon]
802 2209 954 2266 Coronutae
964 2210 1060 2290 januas
1072 2209 1175 2268 lauro.'
1257 2280 1260 2286 .

223 2305 261 2360 V.
272 2319 322 2378 9²·
341 2301 536 2376 Operanturf.
553 2304 583 2371 t]
599 2301 781 2374 Sacrificaut;
796 2315 830 2361 ut
840 2303 999 2383 Virgilius:

362 2433 478 2446 .....
497 2399 558 2447 lastis
567 2409 681 2464 operatus
690 2401 717 2446 iu
725 2399 816 2449 herbis.

201 2471 205 2482 ⁸
227 2498 263 2552 V.
278 2502 325 2570 94.
343 2497 398 2550 Tot
401 2514 483 2570 pono
495 2495 623 2564 altorio]
637 2493 798 2554 sacrificia:
813 2497 844 2555 id
857 2510 918 2569 est,
932 2519 969 2557 ue
984 2519 1031 2556 me
1042 2455 1127 2577 pules
1136 2499 1191 2560 liae

181 2591 361 2649 humanitate
375 2589 565 2648 hereditatem
579 2587 733 2668 appetere3
747 2604 805 2652 tres
817 2593 905 2652 habet
915 2596 999 2653 filios.

152 2695 155 2700 '
224 2691 260 2744 V.
275 2685 322 2763 95.
337 2687 423 2742 libet
435 2675 623 2762 exspectare]
639 2687 750 2746 Mirum
764 2702 806 2748 ost
820 2709 887 2749 nam
900 2705 934 2748 ut
947 2690 1040 2750 aulico
1052 2691 1127 2750 filios
1139 2692 1192 2751 ha-

183 2784 281 2854 benti,
292 2782 399 2860 aliquis
411 2783 573 2842 amicerum
590 2793 650 2840 tum
668 2783 828 2861 impensius
842 2787 1034 2864 obsequatur,
1047 2786 1116 2848 cbm
1128 2771 1191 2848 baec

184 2902 238 2960 pro
249 2879 409 2938 hereditate
420 2879 559 2956 captanda
572 2880 634 2938 fieri
645 2880 765 2937 soleant.

222 2982 258 3035 V.
272 2997 320 3052 97.
336 2975 474 3030 Coturm'x
486 2978 576 3030 nulla.
574 2982 588 3054 ]
602 2975 730 3034 Irouiam
740 2975 778 3033 ad
793 2977 971 3036 sterilitatem
982 2982 1099 3039 retulit:
1116 2985 1191 3042 occi-

184 3071 264 3130 ditur
273 3090 327 3150 pro
336 3081 417 3147 patre
428 3068 623 3142 febricitante
636 3091 713 3142 nou,
726 3083 761 3128 ut
769 3070 864 3130 dlcam
870 3093 942 3151 pro
950 3095 1043 3134 auuco
1054 3099 1189 3159 paupere

220 3167 261 3226 V.
274 3169 321 3254 98.
333 3167 442 3223 Seutire
454 3186 489 3222 ca
492 3169 601 3238 l.orem]
615 3173 781 3247 usgrome

223 3271 259 3325 V.
275 3263 591 3337 roo.Leg1tzmefirts]
605 3265 640 3322 Id
652 3278 711 3339 est,
725 3266 837 3325 devotis
850 3241 986 3345 precibus
999 3237 1148 3350 impletur.

221 3365 258 3419 V.
275 3381 340 3417 101.
359 3353 509 3426 Eaez‘stunt,
525 3362 973 3436 quipmmittanthecatomben.]
992 3369 1189 3432 Hecatomb'en

183 3458 417 3538 promittunt,ut
425 3455 586 3512 moriantur
596 3455 781 3535 ilhaqurbus
790 3478 820 3517 se
829 3458 949 3532 heredes
957 3463 1044 3522 scribi
1052 3480 1188 3542 possunt:
1223 3498 1225 3504 ν

182 3553 233 3613 alii
249 3573 318 3611 vero
336 3563 485 3630 comperto
505 3549 580 3622 hoc,
595 3552 677 3629 qubd
696 3574 749 3632 pro
764 3555 834 3634 ipsis
849 3570 915 3615 vota
928 3559 1053 3634 fuciunt,
1069 3561 1189 3630 heredes

183 3671 235 3710 eos
251 3649 391 3708 scribunt.

222 3752 259 3808 V.
281 3765 345 3805 roa.
359 3748 422 3804 Nec
435 3749 554 3802 venales
567 3743 732 3822 elephanti]
748 3753 829 3834 Quos
839 3751 980 3814 immolet.

223 3851 259 3904 V.
277 3852 341 3912 ιο4.
355 3843 415 3899 Sed
415 3841 507 3915 surra
519 3849 623 3918 gente]
638 3845 742 3924 Nigra,
755 3846 791 3903 de
805 3847 898 3908 ludia.

224 3942 261 4000 V.
279 3940 342 3999 105.
354 3939 509 3996 Arboribus
520 3939 699 4018 uutJApud
709 3942 877 4018 Lavinium,
889 3945 920 4004 td
933 3960 990 4022 est
1003 3950 1034 4010 in
1044 3952 1189 4015 Hetruria.
1264 3917 1267 3924 Ι

175 4061 185 4084 ι
226 4043 260 4094 V
279 4037 344 4095 106.
360 4038 446 4094 Null
432 4037 683 4112 ιεεννίνερ4Νἰεὶ
696 4039 765 4116 regi

965 4165 1018 4207 22.
