2930 4660
268 365 331 410 noo
470 343 520 408 Ἡ.
550 342 615 408 ΕΤ
640 341 677 406 C.
703 339 1069 406 VALESIORUM

265 471 339 538 Quae
354 466 430 526 mala
448 480 492 525 est
511 487 563 526 seu
576 467 665 526 lectio
681 485 733 525 seu
751 466 906 535 correctio,
921 463 997 522 mala
1016 475 1047 522 et
1064 449 1272 540 interpunctio.

265 567 359 620 Vetus
377 563 519 641 interpres
540 564 687 628 luvenalis
707 563 899 640 legitetiam,
914 559 958 621 αὴ
980 562 1090 619 Curtius
1107 579 1148 616 an
1170 557 1274 614 Matho

266 658 374 713 buecoe.
390 643 659 738 laetenticulistit)
673 657 725 738 qui
738 669 852 718 tantum
869 657 976 740 buccas
993 655 1112 724 inflant,-
1125 667 1159 711 et·
1170 653 1212 711 nil
1226 652 1273 710 di-

264 763 347 809 cunt.
362 753 436 810 Item
448 773 455 809 τ
470 755 626 812 Noscenda
638 767 682 810 est
693 772 826 810 mensura
837 755 897 824 sui,
910 751 980 830 legit
992 741 1077 810 bede.
1099 751 1137 807 H.

263 930 295 973 r.
312 912 367 988 42.
388 910 522 974 Talibus
536 933 555 974 a
567 909 709 975 dominis
722 925 796 999 post
809 923 925 974 cuncte
939 908 1131 973 norissimus
1143 907 1210 971 exit

385 1009 551 1088 Amulio,
564 1025 596 1074 et
609 1007 712 1099 digito
726 1007 887 1072 mendicat
901 1007 1006 1071 Pollio
1021 1004 1143 1092 nudo]

303 1167 402 1244 Eques
420 1167 498 1224 euim
518 1169 666 1225 Romanus
688 1167 844 1227 imminuto
868 1164 995 1244 equestri
1020 1182 1110 1222 censu
1131 1159 1290 1247 annulum.

265 1281 388 1322 aureum
398 1283 457 1320 suse
466 1263 614 1342 dignitatis
622 1264 735 1342 insigne
747 1263 893 1342 deponere
904 1261 1071 1340 cogebatur.
1080 1261 1166 1318 Hunc
1174 1258 1275 1319 locum

263 1347 371 1417 eximie
382 1358 507 1415 illustrat
517 1359 661 1436 Apuleius
672 1359 798 1438 Apolog.
812 1363 914 1416 «Pater
928 1359 990 1437 ejus
1004 1357 1138 1435 plurimis
1151 1356 1275 1415 credito·

263 1478 280 1510 e
288 1454 371 1516 ribus
388 1453 587 1526 defeneratus,
599 1455 701 1518 maluit
714 1455 868 1532 pecuniam
879 1455 1002 1514 retinere
1016 1449 1105 1531 quim
1117 1451 1272 1531 pudorem.

262 1547 440 1610 «Namcirm
450 1551 580 1628 undique
589 1569 705 1609 versum
715 1551 822 1610 tabulis
832 1551 1020 1629 flagitaretur,
1029 1562 1059 1607 et
1067 1549 1149 1629 quasi
1158 1549 1277 1606 insanus

219 1647 222 1653 ’
264 1647 325 1704 «ab
337 1646 475 1710 omuibus
496 1647 589 1704 obviis
610 1658 775 1723 teneretur,
781 1648 853 1721 flac
867 1645 951 1725 (lego
969 1667 1059 1722 pax,
1075 1665 1112 1704 ex
1128 1645 1232 1704 Plauto
1246 1657 1277 1704 et

264 1767 279 1796 ιι
289 1743 388 1820 aliis),
402 1742 514 1821 iuquit,
527 1755 613 1821 negat
628 1762 712 1821 posse
727 1743 901 1815 dissolvere;
915 1747 1039 1800 annulos
1052 1763 1155 1800 aureos
1169 1756 1197 1800 et
1211 1763 1279 1812 om-¹

265 1840 335 1898 «nie
346 1839 469 1918 iusignia
482 1837 630 1917 dignitatis
645 1840 760 1918 abjicit,
774 1837 843 1898 cirin
859 1839 1053 1902 creditoribus
1066 1838 1278 1918 depaciscitur,

265 1934 427 2015 «pleraque
446 1948 544 1999 tamen
564 1937 607 1994 rei
625 1935 774 1994 familiaris
796 1937 827 1994 in
849 1955 956 1995 nomeu
975 1935 1074 1994 uxoris
1093 1931 1278 1994 callidissimi

221 2085 228 2098 ,
266 2030 392 2094 «fraude
411 2032 540 2103 confert;
555 2031 616 2109 ipse
636 2051 738 2107 egens,
755 2035 867 2104 nudus,
883 2044 913 2090 et
932 2028 1090 2110 ignominis
1109 2027 1161 2088 sui
1182 2043 1277 2088 tectus

267 2128 383 2205 «(forte
403 2129 484 2202 solet,
501 2148 561 2188 non
579 2131 671 2207 sud),
692 2129 812 2208 reliquit
829 2129 940 2206 Rufino,
955 2129 1041 2199 huic,
1056 2147 1117 2192 uon
1131 2129 1276 2196 mentior,

266 2224 346 2284 «HS.
360 2225 460 2286 XXX.
477 2224 714 2284 devorandum.»
737 2229 770 2286 C.

266 2404 296 2446 v.
317 2380 372 2447 63.
392 2382 488 2447 Alter
500 2385 591 2474 aquis
596 2431 607 2464 ,
618 2365 703 2448 alter
702 2381 850 2470 flamnus
864 2381 904 2448 ad
918 2381 1023 2447 sidera
1036 2381 1187 2469 missus]

305 2534 388 2590 Alter
399 2535 502 2608 αιμιὶε,
517 2533 643 2602 scilieet,
655 2536 788 2604 Aeneas,
803 2534 857 2612 qui
871 2533 944 2592 sirus
959 2543 1003 2591 est
1016 2551 1106 2610 super
1117 2532 1277 2593 Numicum

265 2627 393 2699 flumen,
405 2628 436 2685 iu
450 2647 510 2705 quo
525 2629 630 2706 periit,
646 2647 681 2686 ex
699 2628 782 2688 Livio
801 2641 830 2687 et
847 2628 921 2687 eliis.
935 2632 978 2686 Ex
992 2629 1091 2688 Servio
1105 2629 1137 2686 in
1149 2631 1208 2687 XII
1222 2623 1276 2686 lib.

264 2722 429 2793 Aeneidos,
442 2735 493 2780 aut
507 2724 669 2785 sacrificans
680 2736 732 2781 eut
743 2725 921 2782 Mezentium
934 2736 986 2782 aut
997 2727 1165 2802 ,Messapum
1179 2724 1278 2782 hostes

264 2821 380 2898 fugiens
397 2820 428 2877 in
442 2821 601 2878 Numicum
617 2821 740 2879 fluvium
760 2822 881 2893 cecidit,
894 2841 947 2881 nec
961 2823 1025 2900 ejus
1038 2803 1159 2879 cadauer
1173 2833 1216 2879 est
1228 2841 1278 2880 re-

264 2929 396 2996 pertun),
409 2929 439 2974 et
449 2918 488 2975 ob
499 2918 529 2975 id
543 2938 560 2984 a
574 2917 635 2978 lilio
646 2919 771 2984 Ascanio
783 2931 830 2976 est
838 2930 1029 2976 consecratus.
1043 2922 1125 2975 Alter
1124 2919 1258 2993 flammis
1262 2960 1277 2988 ,

264 3033 371 3092 nempe
386 3017 541 3087 Hercules,
557 3015 609 3102 qui
625 3017 656 3080 iu
672 3019 746 3074 Oeta
760 3027 860 3074 monte
875 3013 981 3092 seipse
995 3015 1166 3074 combussit.
1188 3017 1225 3078 H.

218 3167 225 3178 ¹
267 3185 298 3227 v.
318 3163 371 3229 65.
391 3163 441 3227 Do
455 3161 628 3254 Tiburtino
644 3164 753 3229 reniet
770 3163 1000 3261 pinguissimus
1017 3187 1095 3254 agro.

391 3259 565 3340 Hoedulus,
583 3275 615 3323 ct
631 3275 700 3324 toto
716 3281 812 3350 grege
827 3259 987 3350 mullion]
1092 3317 1095 3320 .
1210 3321 1213 3328 .

304 3407 412 3468 Melius
437 3428 479 3466 ex.
499 3419 562 3482 toto
586 3427 673 3490 grege
699 3405 837 3478 nullior,
860 3419 911 3466 aut
937 3409 1039 3490 potius
1059 3429 1077 3467 e
1101 3421 1165 3470 toto
1188 3429 1275 3490 grege
1355 3456 1362 3468 ,

266 3505 456 3566 ωοΠίοτ.Ἠ.
779 3505 781 3510 ’

268 3676 299 3719 v.
318 3651 371 3742 75.
390 3653 457 3718 Nec
475 3649 647 3718 metuenda
664 3652 744 3734 tibi,
759 3654 911 3720 siccatum
927 3653 1047 3745 frigore
1059 3607 1231 3746 poslquam
1269 3635 1273 3650 ¹
1335 3641 1340 3650 ⁸

388 3753 611 3832 Autumnum,
625 3768 658 3816 et
673 3751 770 3822 crudi
784 3754 920 3841 posuere
933 3751 1077 3842 pericula
1090 3753 1211 3842 succi]

305 3900 353 3964 Sic
372 3899 528 3972 Pithoeus,
545 3913 576 3960 et
596 3889 802 3980 Rigaltius,·et
818 3899 1052 3982 nephelengtun
1071 3916 1102 3976 et
1123 3915 1208 3963 vetus
1228 3901 1276 3962 in-
