2930 4660
169 399 1174 426 ᾞΜἪΜΜΜΜΜΜΜΜΜΜἈΜ

194 615 243 701 Ρ.
265 613 562 704 punctus
587 611 1141 730 tumsoonsutrtu,
1231 597 1235 607 ’

370 840 439 870 ψ’
489 891 847 982 ιΕοΤοΒΙω.

164 1421 224 1538 Iu
237 1469 298 1534 hac
309 1468 468 1551 editione,
482 1467 616 1550 Lector,
631 1466 713 1533 illud
726 1469 931 1558 potissimum
946 1469 1041 1534 nobis
1052 1492 1174 1560 propo·

161 1587 260 1651 situm
283 1585 362 1667 fuit,
376 1600 414 1648 ut
435 1585 520 1648 inter
542 1583 637 1672 plura
660 1584 829 1672 variaque,
848 1607 908 1648 nec
930 1584 1175 1652 contemnendae

162 1701 327 1764 vetustatis
344 1697 557 1787 exemplaria,
572 1699 669 1762 unius
688 1698 836 1763 omnium
854 1719 931 1764 sane
948 1699 1065 1789 optimi
1080 1716 1177 1790 atque

162 1813 381 1901 antiquissimi
403 1814 594 1902 scripturam
619 1835 803 1878 curaremus
834 1815 995 1903 exprimi,
1019 1814 1108 1902 quod
1135 1815 1177 1880 de

165 1928 320 1992 Budensis
336 1927 434 1992 cladis
449 1927 594 2014 reliquiis
614 1929 649 1990 in
671 1925 883 1994 Thassiilonis
900 1927 1066 2015 quondam
1085 1927 1176 1994 ducis

162 2043 349 2107 coeuobium
366 2041 503 2104 relatum
524 2040 622 2109 fuisse
640 2063 680 2104 ex
701 2039 846 2106 Matthiae
866 2041 1026 2129 adscripto
1044 2043 1178 2106 nomino

164 2159 256 2224 facile
272 2155 429 2222 adductus
442 2177 514 2218 sum
528 2170 565 2218 ut
578 2153 753 2220 crederem.
768 2153 808 2219 Id
824 2154 867 2219 ad
882 2175 941 2219 nos
957 2154 1088 2222 tandem
1103 2177 1178 2246 pcr-

208 2437 250 2515 (1)
268 2445 354 2500 Nobis
366 2445 488 2516 primurn
505 2443 535 2496 in
551 2443 642 2498 animo
656 2456 723 2496 uon·
734 2453 792 2498 erat
805 2455 861 2497 vet.
878 2442 962 2498 schol.
977 2442 1085 2499 Pitheci
1100 2457 1180 2500 notu

167 2548 266 2591 nostrat
281 2534 396 2588 editioni
412 2534 578 2608 suhjangere
596 2551 602 2583 ε
623 2545 651 2586 ot
670 2530 785 2588 eruditis
806 2544 833 2588 et
852 2533 1020 2604 sapientibus
1036 2535 1179 2592 nonnullis

167 2625 248 2688 airis,
259 2641 380 2696 quorum
387 2621 505 2674 consitiis
512 2621 540 2672 in
548 2622 631 2691 hujus
641 2620 730 2692 operis
739 2621 877 2676 curriculo
886 2622 928 2674 osi
938 2641 1049 2687 sumus,
1060 2624 1180 2696 perutile

167 2713 227 2767 sore
236 2702 326 2767 'visum
339 2725 392 2788 est,
406 2711 428 2764 ei
440 2731 482 2764 eas
493 2710 610 2782 integras
624 2709 766 2778 daremus3
780 2711 818 2763 ita
831 2723 863 2783 ut
875 2711 944 2770 nihil
957 2711 1109 2784 optandum
1123 2713 1180 2767 lin·

167 2815 266 2874 queret
279 2815 371 2854 nostra
385 2799 487 2864 editio,
501 2813 528 2854 et
541 2817 636 2854 omnes
648 2813 726 2854 antea
738 2801 845 2853 emissas
859 2817 915 2854 uon
930 2800 1013 2855 modo
1024 2804 1118 2875 copia,
1130 2799 1181 2866 sed

93 2933 101 2946 .
168 2905 197 2946 et
208 2889 316 2946 delectu
327 2891 500 2946 materiarum
511 2901 667 2961 supereum
680 2903 707 2944 et
717 2890 749 2942 iis
759 2907 863 2944 morem
872 2891 1011 2962 gessimus.
1022 2891 1182 2950 Editioucns

170 2963 444 3043 Pithoe'iPmsinam,
453 2997 496 3030 an.
507 2977 587 3044 1585,
596 2978 714 3032 fideliter
721 2977 806 3032 secuti
815 2995 923 3046 sumus3
933 2997 990 3032 eam
999 2982 1182 3052 expressimus

168 3089 233 3138 cum
248 3067 367 3134 mendis,
382 3067 483 3141 quibus
497 3063 614 3122 scatebat
627 3067 716 3124 codex
722 3080 855 3123 vetustate
867 3087 954 3140 prope
969 3065 1083 3124 deletus.
1096 3071 1181 3126 Notas

169 3157 278 3212 Pithoei
290 3159 319 3211 in
332 3171 451 3210 veterem
466 3160 710 3224 commentarium,
725 3176 786 3230 quae
800 3156 860 3210 loca
874 3155 1027 3212 difficiliora
1042 3159 1181 3232 interpre·

170 3259 284 3312 tantur,
297 3243 472 3300 addidimus:
489 3264 550 3318 quar
572 3249 663 3302 omnin
685 3247 811 3301 consulto
832 3260 859 3301 tt
877 3247 996 3302 libenter
1017 3243 1052 3302 'ad
1073 3243 1182 3306 tenoris

172 3339 318 3393 utilitatem
336 3335 569 3408 commodumque
588 3337 712 3392 fecimus.
735 3339 777 3392 De
798 3349 853 3391 vet.
873 3337 957 3392 schol.
978 3337 1100 3404 Pitheci,
1119 3337 1184 3396 vide

171 3437 257 3480 nostr.
271 3425 339 3480 edit.
351 3425 386 3478 Τ.
400 3425 445 3490 11,
458 3442 487 3496 p·
508 3429 550 3495 75.
567 3424 682 3480 Numeri
702 3437 793 3478 autem
810 3425 965 3498 parenthesi
987 3427 1086 3479 inclusi
1106 3413 1183 3480 notas

169 3515 278 3589 Pithoei
291 3515 321 3568 in
334 3528 454 3569 veterem
471 3523 618 3566 comment.
632 3509 667 3566 ad
680 3513 781 3566 calcem
794 3517 905 3586 rejectas
920 3511 1059 3578 indicant,
1071 3527 1098 3568 et
1110 3528 1182 3571 oste·
1280 3507 1286 3522 ’

170 3603 234 3656 riaci
244 3605 288 3658 vel
301 3593 410 3657 iecunas
425 3600 486 3656 cod.
504 3599 666 3674 explendas,
677 3601 722 3658 tel
735 3619 766 3654 est
778 3619 841 3673 quaa
853 3603 995 3658 notatione
1007 3604 1089 3658 nobie
1101 3603 1183 3676 digna

170 3691 312 3750 contrita·
330 3690 452 3756 (utteris
463 3693 553 3753 nota.)
778 3697 780 3702 '

960 3777 1023 3842 16.s
1046 3790 1049 3798 '
