2924 4662
396 361 451 429 m
475 357 646 430 rursu.
673 353 894 446 sirmam
914 351 982 422 xr.
1128 355 1190 426 sn

212 486 438 545 ..Ibid.rardus
451 486 550 557 biam]
561 484 693 554 rudus,
708 477 914 560 quisust'r‘ueat
924 479 1035 539 orbem.
1121 515 1124 524 ·
1155 507 1158 514 ·

231 587 268 641 V.
287 586 597 659 124.PortaSyenu.]
613 583 719 640 Civitas
728 579 864 657 Aegypti.

231 680 269 735 V.
287 681 351 736 125.
364 683 404 736 Et
415 681 516 736 Mauri
526 681 652 747 celeras]
668 680 742 734 Nam
760 685 794 732 et'
805 672 886 752 apud
901 669 1102 730 Mauritaniam
1116 669 1194 732 inte-

192 773 301 834 riorem
310 775 446 834 dicuutur
456 773 709 852 naseielephsuti:
722 771 801 830 unde
813 783 843 828 et
850 767 994 828 Hannibal
1003 766 1114 824 hahuit.
1124 772 1197 836 Prae-

194 881 286 940 terea,
300 871 356 929 hoc
370 891 436 929 nam
451 871 579 940 addunt,
593 865 903 946 quod,ci1m,seuseris
916 883 947 923 se
957 863 1079 943 grandes
1092 861 1204 922 hahere.

193 965 313 1038 dentes,
328 968 478 1026 interram
491 986 541 1024 eos
553 967 616 1043 figit
626 1007 634 1036 ‚
646 963 755 1022 stinde
769 962 1004 1039 abducto-capite
1019 978 1070 1018 eos
1083 958 1198 1018 amittit.

234 1074 270 1128 V.
296 1074 360 1128 126.
383 1073 529 1129 Nabataeo
547 1072 644 1126 bellua
659 1071 756 1138 salua]
769 1071 871 1124 'Locus
890 1067 922 1124 iu
943 1065 1043 1134 Inus,
1054 1063 1112 1122 ubi
1128 1081 1198 1122 nas-

194 1181 302 1226 euntur
316 1168 471 1246 elephanti.
519 1175 521 1179 ⁴
1312 1232 1314 1240 Ι

234 1276 271 1329 V.
295 1291 360 1343 127.
382 1274 458 1327 Hinc
472 1273 562 1345 surgit
573 1271 690 1340 orexim]
704 1267 809 1326 Libido
822 1265 957 1343 vescendi
971 1287 977 1321 :
993 1265 1061 1324 hinc
1076 1265 1201 1332 delectat

196 1367 296 1425 cibum
309 1386 428 1444 capere,
443 1366 466 1423 si
479 1383 579 1423 mensa
594 1377 637 1423 est
650 1364 788 1422 eburnea.
1066 1380 1069 1388 ’

237 1475 273 1529 V.
287 1473 351 1528 128.
362 1471 443 1530 'Nam
447 1493 482 1546 p.
495 1473 615 1541 millia]
626 1468 865 1530 Mensisscilicet.
876 1471 916 1527 Ut
924 1481 981 1538 est,
993 1468 1103 1546 inquit,
1115 1467 1201 1526 nobis

197 1566 262 1624 vilis
272 1565 397 1624 annulus
408 1565 584 1636 ferreus‚'ita
595 1565 654 1622 illis
666 1565 774 1622 mensis
787 1583 839 1644 pes
849 1575 1016 1642 argenteus,
1028 1563 1084 1620 nisi
1093 1553 1202 1620 fuerint

198 1663 344 1740 elephanti
356 1662 441 1719 dente
452 1657 631 1739 compositae.

234 1770 270 1825 V.
291 1768 354 1825 130.
372 1770 431 1840 Qui
440 1787 487 1822 me
500 1768 554 1822 sibi
565 1763 737 1840 comparat]
753 1764 788 1822 ld
802 1776 861 1834 est,
877 1763 929 1841 qui
939 1781 991 1821 'me
1006 1783 1043 1822 ex
1056 1783 1202 1844 compara-5

196 1865 275 1923 tione
287 1875 468 1933 contemnat,
480 1883 540 1920 non
553 1882 621 1920 eum
632 1861 734 1918 invito.

224 1972 272 2026 'V.
288 1967 351 2024 135.
366 1968 550 2037 rancidula]
566 1966 641 2036 Quia
655 1983 737 2022 ossea
752 1976 820 2022 suut
833 1965 993 2024 manubria.

239 2077 276 2130 V.
294 2073 359 2128 136.
378 2073 435 2127 Cui
445 2070 560 2154 eredere
575 2059 699 2142 debeat]
714 2072 770 2128 Cui
787 2070 871 2148 quasi
885 2071 1022 2148 magistro
1037 2052 1203 2149 subjaceani

202 2187 307 2226 omma.

209 2271 213 2300 ·’
240 2266 276 2319 V.
293 2261 358 2335 137.
373 2263 520 2337 Pergam]
536 2259 684 2340 Coquiua,
699 2258 757 2340 qua
773 2260 912 2321 boletaria
925 2273 1084 2340 ponuntur.
1163 2267 1170 2280 ⁶

227 2367 277 2424 'V.
296 2367 360 2424 138.
371 2369 591 2446 affigamus]
606 2371 751 2446 Pygargus
770 2367 830 2426 fera
852 2377 896 2424 est
913 2368 1007 2446 specie
1027 2367 1122 2437 cervi,
1137 2387 1204 2446 quas

201 2463 335 2522 tetriores
348 2473 444 2540 partes
457 2461 635 2520 albas'habet
649 2485 654 2516 :
671 2462 738 2520 ideo
752 2475 782 2520 et
795 2482 939 2541 pygargus
955 2463 1049 2520 dietus
1063 2476 1122 2533 est,
1137 2441 1206 2542 qisis

203 2562 302 2624 Graece
320 2570 401 2616 nates
420 2556 486 2626 πυγὴ
506 2547 654 2616 dicuntur.
671 2563 835 2643 Pygargus‚¹
847 2562 907 2618 avis
920 2579 1027 2639 genus,
1042 2561 1205 2641 elagalopes

103 2715 106 2722 ,
199 2655 369 2734 appellaturi

240 2754 277 2808 V.
297 2753 360 2826 139.
375 2754 413 2807 Et
421 2751 562 2826 Scythicae
572 2755 726 2822 volucres]
738 2751 889 2826 Fasiauus,
904 2753 953 2807 ἀπὸ
964 2757 1008 2815 τῆς
1018 2750 1120 2824 stativs
1132 2756 1205 2827 tur',

203 2858 233 2905 et
243 2847 341 2905 alvum
353 2851 432 2924 Argo
443 2833 532 2905 navis.

244 2951 319 3011 Ibid.
328 2954 601 3030 Etphoenicopteno
610 2957 732 3030 ingens]
739 2958 839 3016 Genus
847 2957 922 3026 avis,
932 2976 999 3036 'quae
1007 2957 1094 3017 habet
1102 2961 1207 3038 pinnas

205 3048 302 3107 colore
320 3048 491 3106 Phoenicio:
513 3051 544 3107 in
564 3050 640 3127 aqua
658 3069 775 3129 semper
797 3065 856 3122 est,
872 3053 1022 3111 abundans
1045 3055 1075 3112 iu
1095 3058 1203 3114 Afr'ma.
1269 3105 1271 3110 .

205 3147 300 3224 Hujus
316 3157 443 3203 rostrum
463 3157 522 3202 tam
539 3147 687 3223 prolixum
706 3161 749 3206 est
768 3161 797 3206 et
819 3167 957 3223 curvum,
972 3165 1024 3222 ut,
1038 3145 1094 3224 uisi
1111 3173 1206 3213 merso

205 3242 315 3318 capite,
329 3261 405 3319 aqua
417 3241 448 3298 in
462 3260 495 3298 os
509 3242 600 3327 ipsius
615 3262 675 3300 non
688 3246 779 3324 possit
792 3247 906 3326 intrare.
930 3287 933 3294 «

241 3348 277 3402 V.
294 3355 358 3414 140.
370 3351 409 3404 Et
419 3350 545 3404 Gaurus
553 3356 647 3424 olym]
658 3352 852 3428 Oryxanimal
862 3354 959 3413 miuus
965 3353 1058 3434 quim
1067 3356 1204 3431 bubalus,

203 3461 292 3518 quem
305 3445 402 3502 Mauri
412 3463 519 3502 uocem
531 3458 636 3503 vocant
646 3435 751 3526 :eujus
764 3449 849 3526 pellis
859 3450 1013 3510 adsituras
1021 3454 1062 3530 (4)
1072 3456 1203 3532 proiicit,

198 3550 280 3596 souta
290 3542 462 3610 Maurorum
473 3540 598 3612 minora.

235 3646 272 3700 V.
292 3652 357 3711 141.
376 3648 479 3702 ulmea
494 3654 600 3717 coenm]
620 3648 695 3719 Quia
718 3647 869 3710 lanionum
888 3653 1004 3712 codices
1025 3655 1149 3714 maxime
1169 3675 1206 3718 ex

101 3787 103 3790 .
198 3739 292 3799 ulmis
302 3740 493 3800 suntomnes.

211 3881 215 3888 .
240 3843 367 3908 Vrsa.
389 3842 451 3896 Nec
462 3840 611 3912 frustum]
632 3841 695 3898 Hoc
714 3854 772 3912 est,
787 3844 947 3920 quodvult
965 3846 1076 3918 dicere,
1087 3849 1209 3910 infertor

174 3949 181 3955 ·
204 3945 302 3994 noster
314 3935 426 3994 furtum
441 3935 534 3994 facere
547 3936 679 4015 ignorat,
693 3957 788 4031 neque
807 3953 859 4000 aut
878 3961 987 4022 capreae
1007 3944 1101 4010 caruis
1119 3946 1208 4024 parti-
