2924 4662
413 361 666 443 1111111111.
686 373 918 442 sarman
942 364 973 444 1:
1130 379 1194 472 237

176 491 231 558 ‚ad
245 489 377 554 omniu'm
394 498 484 571 vitia,
498 501 581 579 quasi
601 499 752 559 lucernam
763 501 947 573 admovent,
959 514 989 560 et
1004 491 1038 562 ut
1051 503 1191 575 adurant,

186 602 217 648 et
238 603 272 648 ut
295 591 447 652 ostendant
468 597 598 656 crimina.
623 598 803 655 Venusinam
821 609 920 656 autern
942 597 1026 668 ideo,
1047 599 1116 677 quia
1131 600 1195 658 haee

188 685 278 745 furt
253 703 352 748 crvrtas
360 692 481 750 Horatn
492 693 721 752 SrveaVenusio
730 694 784 772 (3),
792 694 845 752 ubi
853 695 970 754 laternae
978 695 1056 754 leves
1064 697 1193 768 fuerunt

189 803 256 862 quae
270 785 400 851 vilissimi
415 789 561 847 venibant.

229 893 265 948 V.
283 890 329 950 51
342 897 410 975 Non
424 895 539 970 agitem.
549 893 643 974 ]Non
657 914 830 974 persequar,
841 909 876 954 ut
888 893 1046 975 Virgrlrus
1059 847 1197 956 Palantes

192 988 283 1045 Troas
296 992 409 1066 agebat.

111 1087 115 1096 “
228 1085 273 1142 lb.
290 1085 479 1164 Heracleas]
497 1092 559 1145 Aut
572 1088 724 1146 columnas
741 1091 771 1145 in
788 1085 953 1166 Hispaniis,
973 1101 1025 1146 aut
1040 1089 1196 1148 Atlantem.

228 1185 264 1239 V.
276 1181 321 1238 55.
331 1182 543 1258 Sitcapr'endi
523 1205 573 1254 Jus
585 1189 654 1240 null.
668 1206 761 1242 uxori.
749 1184 818 1264 ']Si
829 1205 904 1242 uxor
913 1187 975 1263 ejus
982 1187 1048 1262 jure
1060 1185 1198 1263 impedia-

189 1290 238 1335 tur
255 1277 389 1336 adultero
410 1279 587 1350 succedere,
609 1281 670 1358 ipse
689 1280 810 1338 maritus
829 1281 897 1338 leno
917 1280 1047 1339 succedit
1065 1281 1198 1370 adultero

190 1369 288 1446 heres,
297 1387 331 1432 ut
339 1395 391 1453 per
400 1375 656 1434 fideicommissum
668 1397 714 1436 res
725 1375 849 1435 adulteri
858 1377 895 1435 ad
904 1361 1199 1438 adulteramveniant.

230 1478 267 1536 V.
282 1479 329 1537 58.
349 1483 456 1538 Curam
472 1483 601 1540 cohortis.
610 1481 762 1560 ]Militum
776 1482 967 1542 tribunatum.

230 1577 267 1632 V.
284 1573 331 1653 59.
344 1578 555 1662 Rroesepibunj
573 1582 694 1656 Propter
711 1599 804 1658 equos
822 1579 879 1637 hoc
900 1580 992 1651 dixit,
1011 1593 1041 1638 et
1053 1583 1198 1662 Neronem

133 1735 138 1752 .
189 1672 291 1750 tangit.

146 1799 148 1803 v
229 1771 266 1826 V.
276 1769 323 1826 61.
336 1769 541 1849 Lacernatoe.]
553 1771 690 1843 Satirice,
702 1771 804 1829 habitu
815 1771 891 1830 virili
902 1763 1039 1830 feminam
1051 1772 1196 1832 describit.

228 1867 426 1934 11641111
441 1867 575 1946 cervice]
587 1867 718 1939 Lectica,
733 1857 856 1926 faciente
871 1867 1004 1940 luxuria,
1017 1889 1033 1926 a
1046 1856 1200 1930 1111101111-

191 1961 278 2020 nibus
293 1947 473 2038 portabatur.
1213 2029 1215 2034 s

229 2063 267 2116 V.
280 2059 328 2116 68.
347 2059 505 2132 Gemmas.
520 2061 589 2115 uda.
600 2059 722 2138 ]Saliva
741 2072 832 2131 tacta,
849 2073 968 2138 propter
985 2061 1151 2138 signaculi'
1142 2083 1199 2120 rm-

189 2155 378 2234 pressionem.

231 2255 269 2308 V.
286 2272 333 2324 71.
348 2253 482 2308 Locusta.
489 2256 499 2320 ]
518 2253 672 2307 Locustam
693 2270 728 2308 ex
749 2249 851 2307 Galliis
870 2264 1031 2308 matronam
1041 2253 1199 2312 veneficam

192 2349 270 2406 Nero
293 2345 427 2404 exhibuit
449 2346 487 2403 ad
512 2365 558 2416 se,
577 2359 697 2424 propter
713 2357 824 2403 venena
848 2347 1042 2418 conficienda3
1061 2349 1199 2424 quoniam

189 2444 306 2521 'magnae
328 2443 412 2500 famae
431 2454 507 2512 erat,
525 2454 554 2499 et
573 2442 604 2500 in
625 2441 817 2501 familiaritate
839 2443 958 2512 babuit,
974 2455 1009 2500 ut
1027 2444 1114 2501 etiam
1132 2464 1200 2502 eum

193 2539 311 2598 doceret
323 2558 433 2597 venena
445 2539 574 2596 miscere.
588 2537 660 2595 Inde
674 2539 714 2595 ait
724 2539 859 2596 ‘furnus'
850 2559 881 2596 nr
894 2539 993 2596 satira:
1068 2541 1071 2546 ’
1090 2537 1093 2544 '

369 2675 408 2722 Ex
418 2671 446 2739 (4
431 2671 522 2738 41111)
536 2673 655 2724 Caesareas
664 2637 761 2720 soboles
771 2672 874 2721 horrida
884 2676 990 2749 Locusta

370 2753 468 2800 Occidit
481 2769 541 2802 cura
553 2755 679 2800 salverna
691 2763 751 2806 nota
762 2745 878 2801 Neronis.

192 2879 262 2940 Ilaec
278 2875 448 2952 increpitata
465 2895 481 2932 a
499 2878 633 2945 Nerone,
646 2874 728 2953 quod
748 2872 861 2938 lentum
874 2895 1020 2934 venenum
1037 2878 1201 2938 Britarmico

171 2953 177 2960 ”
194 2972 327 3050 privigno
340 2991 393 3028 suo
405 2984 545 3049 parasset,
557 2985 618 3028 tam
627 2970 729 3028 efficax
740 2969 836 3041 dedit,
846 2983 880 3028 ut
894 2984 1048 3050 antequam
1059 2973 1200 3051 poculum
1278 3018 1280 3022 .

194 3068 380 3130 Britannicus¹
385 3066 566 3139 exhauriret,
579 3069 609 3126 in
623 3067 757 3126 convivio
766 3067 890 3127 Neronis
901 3069 1070 3145 exspiraret:
1082 3071 1200 3148 propin-

195 3185 267 3242 quas
281 3176 380 3222 autem
393 3163 481 3235 dicit,
496 3176 635 3242 tanquam
651 3186 669 3224 a
682 3167 807 3222 Locusta
821 3163 936 3234 doctas,
947 3165 1006 3235 vel,
1018 3177 1051 3222 ut
1062 3166 1201 3242 quidam,

196 3279 311 3320 uxores.

236 3363 273 3417 V.
285 3360 333 3432 76.
343 3361 551 3434 Extrapocula
560 3365 702 3434 caprum]
712 3358 1008 3418 Dicitemblematum
1018 3374 1103 3438 opus.
1111 3364 1204 3438 Caper

197 3453 245 3514 hic
263 3455 410 3533 praecipue
430 3453 467 3533 ab
485 3454 622 3514 omnibus
642 3454 837 3533 predicatur,
855 3474 944 3533 quem
962 3456 1048 3514 etiam
1065 3457 1206 3536 Martialis
1284 3476 1287 3492 ‘

191 3537 325 3610 carmine
339 3549 554 3612 suolaudavit:

341 3687 424 3735 Stat
433 3701 505 3749 caper
516 3683 544 3732 in
552 3683 649 3748 phiala,
660 3683 773 3732 Thebani
781 3684 872 3733 vedere
882 3685 969 3734 Phrixi

409 3766 510 3844 Cultus:
522 3764 553 3812 ab
562 3764 612 3813 hoc
621 3765 781 3814 malletvecta
791 3765 866 3814 fuisse
876 3781 955 3814 soror.

237 3890 275 3944 V.
290 3887 337 3944 82.
350 3887 499 3962 Sortesque
503 3887 669 3964 poposcit]
672 3889 708 3946 A
711 3885 852 3946 Themide
859 3906 946 3966 ,quae
960 3897 1025 3946 ante
1036 3887 1204 3965 Apollinem
1308 3851 1309 3854 =

201 4003 336 4063 responsa
349 3981 445 4044 dabat.
