2818 4654
309 331 378 416 ‘as'
535 348 575 414 u.
599 346 748 415 suun
776 345 1068 415 Juvuusms

288 491 290 496 ’
308 472 391 552 quod
406 471 492 552 longe
504 473 687 534 verisimilius
699 485 748 532 'est
764 493 785 530 a
803 475 922 532 modicis
939 472 997 532 illis
1008 469 1220 547 facultatibus,
1236 481 1309 546 cpias

307 580 449 628 memorat
462 568 588 641 Plinius,
599 569 637 628 ad
651 570 764 626 divitiiis
776 557 909 628 nostrum
922 568 1064 646 (quarm
1077 565 1209 626 meminit
1220 568 1312 622 Juve-

306 663 399 742 nalis)
412 663 572 723 ascendisse
582 705 594 735 ,
605 662 694 742 quim
706 666 769 724 vice
779 684 861 724 versa
873 664 988 722 illume
1005 663 1112 722 divitiis
1126 661 1165 720 ad
1179 661 1311 720 modicus

307 759 414 820 neutra
469 759 614 820 recidisse.
628 765 673 818 lta
687 773 763 820 certe
781 758 849 818 cium
867 759 951 820 nullo
968 777 1086 838 prorsus
1098 757 1311 837 insigniiufor-

307 859 391 916 sunio
404 876 443 916 no
473 870 537 916 tum
552 858 739 916 observarunt
751 869 871 916 veteres.
1124 861 1126 865 ’

347 955 405 1014 Sed
419 955 485 1014 miri
499 968 566 1014 sunt
579 957 610 1014 in
623 956 676 1013 huc
691 956 825 1014 universa
838 973 924 1014 ceusu
941 965 1001 1014 um
1013 953 1209 1013 recentiorum
1221 950 1312 1030 quim

299 1053 395 1110 'etiam
416 1064 549 1116 veterum
568 1071 688 1110 errores.
711 1054 850 1109 Paridem
876 1052 1126 1119 illum'seniorem
1147 1050 1317 1128 intelligunt

307 1149 373 1206 vitae
383 1148 531 1208 iuvenalis
543 1161 644 1207 auctor
654 1165 834 1236 anonymus,
846 1160 876 1206 et
886 1160 970 1208 vetus
979 1147 1047 1219 ille,
1060 1167 1149 1228 quem
1157 1146 1315 1215 hebemus,

307 1243 454 1302 iuvenalis
467 1245 625 1323 interpres,
641 1243 756 1302 Claudii
770 1243 910 1302 nimirum
922 1235 1044 1302 Neronis
1057 1239 1214 1314 libertum,
1229 1262 1246 1300 u
1260 1261 1317 1322 pa-

191 1365 198 1380 ·
306 1323 393 1398 trono
404 1340 485 1418 ipso,
498 1353 532 1398 ut
542 1342 617 1416 Dio,
632 1339 682 1398 tib.
700 1344 784 1410 L,et
797 1341 953 1408 Suetonius
963 1342 1031 1398 Ner.
1045 1360 1071 1398 c.
1086 1339 1141 1412 54,
1155 1351 1316 1409 testentur,

307 1437 501 1497 interiectum.
510 1435 633 1494 Proinde
641 1435 678 1493 ad
687 1437 849 1494 Neroniana
856 1448 987 1516 tempore
995 1435 1045 1495 illu
1051 1435 1139 1494 refert
1147 1434 1315 1494 scholiastes

310 1532 368 1610 (ad
379 1544 430 1590 sat.
442 1535 498 1590 Vll
508 1574 517 1602 ,
529 1532 584 1609 9²)
598 1532 630 1589 in
643 1531 751 1610 quihus
764 1532 873 1596 Puridis
885 1533 1064 1592 mentionem
1078 1531 1146 1592 fecit
1154 1532 1311 1592 iuvenalis.

307 1631 353 1687 Ita
365 1630 527 1686 Domitiani
536 1641 667 1707 tempora
682 1629 844 1707 pertingere
860 1628 1007 1688 iuvenalis
1024 1648 1083 1688 non
1100 1628 1245 1707 potuerit,
1261 1629 1316 1706 qui

307 1724 478 1804 paulopost
489 1725 607 1782 erilium
619 1725 740 1795 obierit,
752 1725 833 1802 quod
848 1738 961 1796 umen,
973 1725 1020 1784 vel
1035 1745 1071 1784 ex
1082 1727 1148 1804 ipso
1161 1725 1315 1786 satissrum

307 1841 417 1899 opere,
438 1832 551 1878 constat
572 1839 633 1878 esse
651 1821 845 1880 falsissimum.
860 1822 952 1899 Atqui
960 1822 1105 1893 juniorem
1123 1820 1210 1878 illum
1225 1821 1314 1879 fuisse

307 1919 445 1978 Paridem
465 1936 482 1975 o
504 1918 671 1977 Douutiuno
693 1937 823 1989 cessum,
844 1935 933 1996 quern
956 1918 1123 1996 perstrinxit
1143 1918 1312 1989 iuvenalis,

306 2014 354 2094 vel
360 2013 435 2094 jnde
453 2025 583 2084 constat,
599 2013 681 2092 quod
697 2015 817 2072 Statium
835 2018 952 2092 poium
969 2011 1065 2085 diest,
1082 2025 1148 2092 post
1162 2014 1312 2073 muitarum

306 2129 375 2170 cum
398 2110 485 2168 laude
506 2109 701 2180 Thebaidem,
719 2113 837 2202 Agaven
859 2127 940 2168 suern
955 2109 1130 2188 tragediam
1152 2109 1247 2169 Poridi
1268 2109 1313 2168 ills

305 2205 480 2264 vendidisse.
494 2206 550 2264 Hic
564 2223 631 2264 sane
645 2205 752 2266 Statius
768 2199 806 2264 ab
824 2223 878 2278 eo,
891 2223 980 2283 quern
993 2205 1151 2276 hebemus,
1162 2205 1237 2264 alius
1249 2225 1312 2266 esse

305 2321 364 2361 non
378 2303 484 2380 potuit.
500 2300 638 2360 Ediderut
657 2301 707 2359 ille
721 2299 899 2360 Thebaidem
920 2321 1002 2360 suem
1018 2302 1112 2380 paulo-
1124 2313 1208 2360 antee
1221 2299 1314 2380 quim
1404 2321 1405 2346 ³

305 2400 433 2476 primum
447 2396 546 2456 ederet
559 2396 703 2464 Silvarum
715 2396 842 2467 librum,
856 2397 1007 2475 probatum
1021 2398 1159 2456 nimirum
1170 2410 1255 2456 untes
1268 2416 1314 2457 re·

305 2491 501 2551 citationibus.
515 2495 564 2562 lte¹
573 2504 641 2569 post
653 2491 770 2550 initium
782 2491 959 2563 Domitiani,
970 2504 1001 2550 et
1013 2499 1110 2552 temen
1121 2505 1188 2552 unte
1199 2493 1313 2552 Paridis

305 2586 415 2644 caedem
442 2598 472 2646 et
494 2585 653 2664 repudium
680 2585 842 2656 Domine,
865 2591 982 2666 Agaven
1005 2589 1167 2649 vendiderit
1195 2581 1313 2670 ohrtet

305 2685 422 2741 Statius.
439 2681 523 2740 Adeo
536 2693 674 2761 preterea
682 2679 799 2740 'certum
812 2695 873 2754 est,
880 2697 954 2760 post
962 2687 1072 2742 eaedem
1088 2689 1252 2744 Domitiani
1262 2706 1311 2744 sa-

305 2779 374 2836 tims
391 2777 537 2856 scripsisse
554 2776 740 2847 iuvenalem,
755 2791 789 2836 nt
807 2779 915 2840 mirum
934 2779 971 2838 sit
987 2781 1138 2858 profecto,
1152 2783 1280 2842 monitos
1291 2801 1312 2840 ι

265 2908 268 2914 ,
304 2873 404 2952 Lipsio
418 2859 490 2950 (lib.
505 2865 655 2950 IV,'epist.
671 2877 781 2944 Quaest.
795 2893 841 2952 ep.
859 2876 933 2954 no),
947 2888 977 2934 et
990 2876 1128 2935 silmnio
1141 2877 1180 2936 de
1193 2895 1230 2936 eo
1242 2897 1310 2936 em·

304 2971 382 3050 plius
394 2968 528 3028 dubitare
538 2987 623 3046 posse
636 2969 713 3028 viros
723 2969 862 3029 eruditos.
876 2975 943 3030 Non
953 2985 1054 3052 repeto
1065 2971 1112 3032 hic
1123 2986 1313 3052 arguments,

300 3069 362 3148 jam
377 3065 414 3142 air
426 3059 485 3124 illis'
500 3059 572 3125 olim
587 3061 746 3124 observatu.
760 3069 877 3127 Novum
890 3069 985 3142 addo,
1000 3069 1082 3150 quod
1094 3070 1311 3150 iiios'fugernt,

294 3164 356 3224 ‘sed
366 3182 435 3223 vero
447 3162 533 3241 longe
547 3163 892 3434 certissiszariton
905 3165 955 3224 ilie
966 3169 1096 3226 Priscum
1108 3166 1180 3226 dicit
1192 3169 1264 3246 (sat.
1276 3171 1312 3240 1,

305 3271 341 3334 ⁴7
355 3279 437 3338 seqq.
452 3259 575 3326 stulu,
592 3259 661 3336 120)
756 3279 789 3316 er
797 3261 886 3334 Afros
895 3263 1062 3320 ducmrsise
1071 3283 1082 3334 ·,
1097 3262 1221 3342 proinde
1235 3284 1312 3322 exu-

304 3361 360 3414 lem
379 3355 489 3414 factum
506 3353 695 3428 dumnamm·
764 3355 938 3428 tundentem
953 3357 993 3416 sic
1012 3370 1109 3418 temen
1123 3367 1157 3418 ut
1170 3361 1236 3416 Diis
1247 3361 1314 3437 ipse

303 3457 382 3512 imtis
390 3455 558 3529 frueretur,
566 3453 719 3526 provinciis
734 3465 832 3512 autem
851 3455 955 3510 eicon
965 3459 1107 3530 ploraret.
1122 3459 1203 3514 Hanc
1216 3458 1316 3535 ipssr'n

251 3627 253 3632 ,
302 3551 441 3610 Afrorum
459 3565 575 3606 causam
591 3565 690 3606 coram
704 3549 826 3626 Trojano
846 3549 967 3616 tertium
982 3550 1101 3610 consule
1120 3551 1316 3638 Plinius·th

302 3663 401 3708 mense
415 3644 550 3703 ianuario
567 3644 636 3701 anni
653 3646 694 3712 C,
709 3655 738 3701 et
758 3644 878 3722 quidem
897 3665 934 3703 eo
954 3659 1078 3720 eventu,
1092 3661 1126 3706 ut
1144 3651 1314 3727 raptast-veo

262 3797 265 3804 ,
299 3746 520 3813 addicerentur,
531 3761 598 3819 quae
611 3753 697 3798 causa
710 3753 772 3800 erat
774 3744 934 3834 prouincioe
939 3747 1086 3820 plorandi
1089 3789 1100 3816 ,
1115 3745 1238 3826 reliquis
1247 3747 1314 3826 ipse

302 3859 333 3900 tn
344 3843 431 3898 exilio
434 3841 585 3915 frueretur
596 3839 645 3915 (v.
657 3837 731 3895 Plin.
747 3838 822 3915 epist
834 3841 863 3895 II
869 3881 879 3908 ,
897 3859 946 3912 ιι,
965 3858 999 3898 su
1010 3882 1019 3910 ‚
1032 3853 1063 3898 et
1075 3845 1179 3920 Puneg.
1196 3863 1223 3900 c.
1238 3844 1277 3916 76
1287 3844 1313 3922 ).

302 3944 378 4000 Sunt
392 3949 421 3996 et
435 3935 486 3994 illa
498 3933 646 3994 iuvenalis
664 3927 705 3992 de
720 3935 888 3996 Domitiano
901 3935 1007 4008 verba:
1023 3937 1092 4015 (sat.
1106 3940 1165 4008 tv,
1183 3937 1241 4012 57,
1258 3941 1301 4019 8)
