2818 4654
196 367 636 460 nnsrrnount
668 373 1012 488 urrunnu,

24 547 26 648 ξ
132 558 187 626 nn
211 561 533 628 nncnuuouun
555 563 899 631 nonuunnonuu
922 564 1094 630 sumen

24 679 26 714 t
444 723 503 780 DE
524 725 541 780 J
548 723 771 782 UVENALE.

24 837 29 1026 ι
200 873 292 923 Partim
306 890 338 923 ex
349 875 493 936 llenninio,
507 875 602 940 Proleg.
613 885 672 924 scot.
685 877 726 936 11,
739 873 798 926 odit.
815 875 898 936 1685,
908 875 1019 924 oollootn.
1030 909 1036 920 .

24 1059 26 1114 l
355 1066 371 1084 '
393 1061 398 1070 '

24 1117 27 1240 l
506 1137 714 1192 vnsnnns

107 1247 164 1348 Μ
173 1324 184 1344 ·
203 1293 329 1348 Ftntus
348 1293 619 1362 Qururrnnnus.
638 1287 729 1346 Satira
742 1287 864 1366 quidem
875 1299 935 1348 tota
948 1299 1046 1350 nostra
1057 1303 1117 1362 est,

107 1386 138 1442 in
148 1405 204 1464 qua
214 1387 328 1464 primus
339 1385 481 1462 insignem
492 1383 611 1441 laudem
623 1383 748 1462 adeptus
758 1383 900 1442 Lucilius.
913 1385 1063 1456 Quosdam
1076 1387 1117 1444 ita

108 1482 220 1542 deditos
236 1483 293 1540 sibi
308 1481 405 1540 adhuc
426 1480 532 1552 habet,
546 1493 581 1537 ut
597 1487 665 1538 oum
683 1499 744 1538 non
762 1479 896 1560 ejusdem
915 1482 1006 1540 modo
1021 1482 1117 1560 operis

105 1580 288 1647 auctoribus,
305 1577 356 1635 sed
376 1577 514 1635 omnibus
537 1577 632 1654 politis
654 1576 789 1656 praelerre
808 1596 868 1634 non
889 1575 1035 1635 dubitent.
1055 1581 1117 1656 Ego
1176 1633 1179 1640 ,

106 1689 248 1754 quantum
261 1675 298 1732 ab
311 1675 386 1747 illis,
401 1687 515 1733 tantum
536 1673 573 1731 ab
591 1673 711 1732 Horatio
727 1673 884 1744 dissentio,
900 1676 952 1752 qui
969 1674 1116 1734 Lucilium

105 1773 193 1830 fluere
206 1770 404 1842 lutulentum,
419 1783 450 1829 et
462 1790 525 1830 esso
536 1770 667 1848 aliquid,
680 1770 762 1848 quod
774 1769 879 1828 tollere
890 1773 1000 1850 possis,
1013 1784 1115 1850 putat:

104 1889 171 1928 nam
183 1882 213 1927 et
228 1867 355 1934 eruditio
366 1870 396 1928 in
409 1889 445 1928 eo
454 1868 543 1938 mira,
556 1880 585 1936 et
594 1867 728 1939 libertas,
738 1881 827 1946 atque
836 1868 907 1928 inde
919 1868 1075 1940 acerbitas,
1087 1883 1117 1928 et

101 1965 221 2024 abundo
235 1965 312 2024 salis.
324 1965 421 2024 Multo
434 1978 477 2024 est
490 1965 592 2024 tersior
604 1985 637 2024 ao
652 1985 744 2045 purus
757 1965 849 2044 magis
859 1965 998 2026 Horatius
1012 1987 1018 2021 :
1035 1978 1064 2023 st
1077 1965 1116 2024 ad

101 2061 250 2123 notandos
262 2060 418 2126 hominum
426 2081 536 2132 mores,
547 2063 721 2140 praecipuus.
732 2061 862 2122 Multum
873 2075 903 2120 et
913 2081 988 2120 verae
997 2061 1114 2140 gloriae,

24 2233 25 2236 Ἴ
98 2158 238 2238 quamvis
248 2175 310 2214 uuo
320 2156 396 2214 libro
408 2159 520 2214 Persius
534 2159 649 2216 meruit.
667 2162 742 2216 Sunt
756 2158 824 2218 clari
835 2159 923 2216 hodie
937 2179 1074 2236 quoque,
1087 2171 1117 2216 et

97 2254 158 2334 qui
168 2252 242 2310 olim
251 2250 492 2308 nominabuntur.
503 2253 598 2307 Instit.
613 2253 693 2308 Orat.
704 2254 750 2320 X,
763 2257 835 2310 1.N.
844 2253 875 2310 Β.
884 2255 1006 2312 Putatur
1014 2257 1118 2314 ultimis

97 2351 201 2410 verbis
207 2349 380 2407 Iuvenalem
390 2349 519 2417 innuere,
529 2367 613 2422 quem
614 2347 698 2422 forte
705 2349 770 2404 ideo
778 2350 893 2406 nomine
902 2369 959 2406 non
967 2355 1115 2428 expressit,

99 2449 186 2526 qudd
197 2465 329 2504 morosus
341 2446 469 2502 omnnem
483 2461 585 2500 censor
597 2447 677 2500 auloe
688 2457 719 2500 et
729 2447 816 2520 vulgo
828 2459 903 2501 esset
912 2465 1025 2505 exosus.
1038 2449 1075 2510 Η.

140 2583 184 2638 Μ.
201 2577 870 2652 vsrrn1us1ttssrm1s‚ttt.mnengr.
888 2586 947 2646 24:

122 2744 143 2752 ι
221 2713 298 2768 Cum
313 2707 452 2766 Juvenale
466 2725 533 2764 meo
546 2725 614 2784 quae
628 2727 676 2764 me
690 2707 873 2765 committere
886 2720 993 2780 tentas,

265 2803 345 2876 Quid
358 2823 418 2862 non
431 2802 571 2873 audebis,
585 2801 695 2881 perlida
709 2802 824 2881 lingua,
839 2803 943 2882 loqui?

219 2903 262 2958 Te
276 2900 401 2978 lingente
414 2887 512 2969 nefus,
526 2897 656 2976 Pyladen
669 2898 778 2956 odisset
791 2879 927 2972 Orestus,

260 2995 371 3054 Thesea
382 2995 505 3054 Pirithoi
518 2995 698 3054 destituisset
709 3015 801 3056 mor.
903 3043 906 3050 .

222 3095 269 3152 Tu
281 3093 396 3152 Siculos
408 3093 527 3164 fratres,
544 3105 574 3152 et
587 3095 681 3172 majus
692 3113 802 3152 nomen
814 3093 951 3166 Atridas,

260 3193 296 3251 Et
308 3191 394 3250 Ledae
408 3203 523 3269 poteras
537 3189 692 3250 dissociare
705 3190 815 3270 genus,
839 3219 842 3226 ·

220 3289 284 3348 Hoc
299 3288 353 3346 tibi
368 3288 545 3370 pro-meritis
558 3300 588 3348 et
601 3288 708 3346 talibus
722 3288 867 3366 imprecor
878 3291 975 3362 ausis,

259 3389 300 3445 Ut
313 3385 400 3444 facias
413 3384 506 3456 illud,
520 3385 619 3464 quod,
633 3397 725 3464 puto,
739 3385 855 3466 lingua,
869 3386 949 3445 facis.

140 3522 254 3587 lou,
269 3518 318 3572 lib.
336 3515 412 3588 VH,
427 3519 501 3592 epig.
516 3537 576 3592 91:

219 3651 264 3706 De
273 3635 380 3704 'nostro
389 3633 401 3718 ,Ι
411 3645 553 3718 facunde,
569 3639 640 3716 tibi,
655 3645 824 3724 luvenalis,
835 3647 930 3730 agello

259 3743 459 3803 Saturnalitias
472 3744 631 3814 mittimus,
648 3763 732 3813 ecce,
746 3763 847 3803 nuces.

220 3843 329 3900 Caetera
342 3839 456 3896 lascivis
471 3838 588 3896 donarit
601 3857 693 3918 poma·
705 3839 827 3918 puellis,

259 3936 391 4011 Mentula
406 3934 535 3996 custodis
549 3936 699 3994 luxuriosa
710 3936 775 3994 Dei.
