2930 4660
400 373 1016 456 NOTAE‘ttttuquAtEM.
1148 409 1205 474 ¹7¹

201 514 337 578 nentem,
348 505 389 577 ita
402 518 432 565 et
443 509 574 586 Crispina
587 509 742 568 Commodi
756 528 831 568 uxor
847 522 876 569 et
888 511 951 568 alia'e
962 531 970 566 ι
983 529 1037 570 nec
1047 521 1148 589 postes
1161 509 1210 570 bic

202 621 266 660 mos
287 604 429 681 repetitus
452 616 504 694 est,
529 605 677 664 iuvenalis
700 625 768 685 ergo
791 604 845 668 hos
865 625 964 666 versus
984 607 1075 685 probe
1094 607 1208 667 nummi

201 698 356 776 explicant
378 701 415 758 H.

200 836 328 918 ι..5ι4
350 839 464 904 Mollia
481 801 537 928 qui
556 839 651 930 ruptci
668 843 770 908 secuit
783 841 934 932 genitalia
947 839 1039 906 testei.
1048 841 1101 936 ]

241 985 319 1059 Lego
331 981 436 1051 rahni,
450 1001 510 1040 non
519 984 620 1058 ruptd
630 984 733 1040 Samni
741 1003 820 1043 emm
831 985 907 1044 testa
915 982 992 1041 Galla
1001 981 1102 1042 Matris
1111 979 1207 1072 Deum

201 1076 362 1134 sacerdotes
373 1076 539 1136 virilitatem
551 1079 756 1156 amputabant,
769 1092 803 1137 ut
814 1080 855 1137 ait
865 1079 985 1160 Plinius.
1007 1081 1045 1136 Η.

200 1240 230 1284 v.
249 1214 322 1306 519.
340 1217 382 1282 Et
392 1215 625 1307 xerampelinas
636 1235 755 1285 veteres
770 1218 936 1286 donaverit
950 1221 1010 1306 ipsi
1012 1266 1022 1296 ,

344 1315 389 1379 Ut
400 1316 560 1404 quidquid
573 1318 688 1400 subiti,
701 1334 734 1381 et
746 1319 855 1406 magni
869 1317 1063 1384 discriminis
1075 1317 1189 1397 instat,

246 1433 249 1444 ¹
343 1415 383 1478 In
395 1415 518 1478 tunicas
529 1431 597 1499 eat,
609 1427 642 1479 et
659 1431 762 1493 totum
779 1415 876 1482 semel
890 1415 996 1503 expiet
1007 1436 1139 1478 annum.
1149 1413 1161 1502 ]

239 1561 318 1666 Lege
332 1577 367 1616 ex
382 1577 429 1616 me
446 1557 589 1616 indubie:
609 1557 819 1636 xerampelinas
837 1568 948 1666 veteres
969 1556 1151 1616 donaverit
1137 1557 1204 1632 agni.

200 1653 269 1714 stc·
260 1651 295 1712 1n'
305 1653 389 1712 satira
404 1653 546 1734 septima.

373 1803 911 1821 ......................
929 1772 960 1818 Et
989 1786 1027 1819 nas

372 1851 522 1926 Componis,
536 1845 602 1899 dona
618 1851 731 1910 Veneris,
744 1787 988 1910 Telesine'maritoi

197 1953 232 2010 Id
248 1964 308 2025 est,
325 1953 458 2012 Vulcano
468 1953 560 2030 ,.igni
582 1954 619 2010 Η.

138 2101 226 2178 ι.
247 2091 309 2172 524
312 2139 736 2157 .............
758 2095 769 2166 ‚2
795 2141 803 2156 .
828 2075 1054 2188 IndeSuperbi
1182 2160 1184 2164 ,

299 2189 459 2250 Totum
469 2189 550 2273 regis
563 2210 678 2272 agrum
689 2185 776 2268 nuda
789 2208 825 2249 ac
837 2201 867 2248 tr
867 2168 1049 2249 emebunda
1061 2188 1203 2250 cruentis

342 2287 455 2374 Erepet
469 2284 615 2374 genibus.
625 2283 637 2370 ]

236 2434 273 2493 ld
284 2447 326 2492 est
331 2435 495 2511 ,Campum
503 2434 645 2490 Manium
655 2453 692 2491 ex
700 2453 761 2504 mc,
773 2408 875 2511 quem,
887 2429 956 2492 ciam
965 2433 1046 2510 prius
1054 2434 1204 2516 Tarquinii

197 2531 321 2610 Superbi
332 2550 399 2610 ager
409 2530 526 2601 fuisset,
539 2529 624 2589 Marti
637 2528 744 2602 Brutus
757 2529 943 2611 consecravit.
956 2528 1110 2600 Christiani
1121 2511 1204 2586 aetate

196 2624 347 2686 prudentii
359 2627 562 2704 Apostolorum
576 2637 605 2680 et
614 2627 775 2699 Marsyrum
789 2624 1032 2692 exosculabantur
1045 2626 1155 2682 limana.
1167 2626 1204 2681 Et

196 2723 336 2801 Pippinus
362 2725 539 2780 Francorum
562 2741 633 2792 rex,
654 2717 723 2779 ciam
744 2725 868 2785 ¹Romam
894 2717 1001 2797 adisset
1020 2719 1203 2798 ‚aliquandm

125 2805 129 2816 ⁸
196 2809 412 2894 omnesgradus
427 2821 593 2894 singillatim
608 2821 811 2875 saeuissimae
823 2821 858 2876 B.
873 2820 954 2874 Petri
965 2819 1117 2887 Ecclesiae,
1131 2829 1203 2876 teste

195 2915 368 2987 Anastasio,
390 2895 570 2976 deosculatus
598 2929 648 2972 est.
675 2940 687 2966 s
706 2915 841 2973 Vidimus
868 2913 948 2972 haud
974 2935 1039 2974 raro
1066 2913 1202 2972 mulieres

198 3014 365 3087 «reptando
379 3013 518 3095 ingenua
530 3031 591 3070 non
605 3011 702 3069 solum
719 3010 756 3070 ad
775 3010 887 3068 Scalam
902 3022 1030 3068 sanctam
1041 3053 1049 3080 ,
1061 3010 1099 3068 ad
1112 3029 1201 3087 quarn

196 3107 269 3168 svis
284 3128 415 3187 unquam
429 3109 512 3166 aliter
527 3108 710 3179 ascenditur,
724 3107 775 3164 sed
788 3107 921 3166 etiamad
935 3110 1069 3165 Sanctam
1080 3107 1200 3164 Mariana

167 3216 172 3228 ·
196 3227 210 3255 α
222 3205 380 3284 Majorem,
395 3217 424 3262 et
439 3203 475 3274 ad
489 3205 656 3276 Basilicam,
670 3224 736 3282 quae
748 3211 806 3262 Am
821 3203 893 3262 Coeli
908 3204 1031 3274 dicitur,
1048 3223 1086 3260 ex
1100 3193 1202 3260 vicinis
1262 3247 1263 3254 ,

196 3301 349 3358 «domibus
359 3302 532 3376 progredi5n
546 3302 588 3358 ait
600 3301 644 3359 vir
662 3295 848 3359 doctissimus
863 3303 1007 3358 Dominus
1020 3299 1124 3357 Johan.
1136 3304 1203 3376 Ma‘,

194 3395 284 3466 bilio,
298 3397 329 3455 in
344 3415 398 3454 suo
412 3397 518 3458 Itinere
530 3397 649 3469 Italico,
661 3397 766 3476 pagina
779 3396 826 3454 50.
848 3400 881 3454 C.

193 3557 226 3599 v.
247 3533 322 3601 533.
342 3536 407 3618 Qui
421 3557 517 3624 grege
529 3536 661 3622 linigero
677 3515 930 3624 circumdatus]

234 3695 283 3755 Sic
293 3715 394 3753 omnes
408 3695 485 3752 fere:
500 3707 597 3752 tamen
609 3694 747 3753 Pithoeus
760 3694 800 3752 ait
812 3693 870 3772 legi
882 3695 912 3751 in
925 3693 1018 3751 tribus
1032 3692 1199 3764 codicibus,

192 3811 322 3871 quorum
339 3792 451 3872 primus
468 3790 682 3850 vetustissimus
700 3804 763 3862 est,
778 3792 906 3867 lonr'gero
914 3833 924 3862 ,
939 3790 1020 3868 quod
1040 3790 1156 3870 praefert
1170 3802 1199 3847 et

191 3889 296 3968 reponi
308 3889 381 3970 vult.
403 3891 441 3948 H.
