2924 4662
235 353 305 424 238
463 351 606 420 VETT.
633 349 1008 420 COMMENTARH

276 477 377 540 uss.
394 481 482 538 raus
500 481 604 538 amna
621 457 1250 553 021.m01eaasee.]snssss‚stsst‚spi-

119 572 124 578 “
236 575 792 662 ι’Μ.Εῑ,ωοΠὶιωι,ηῑἯιῄ1ὶωε

304 731 307 738 ·
415 705 603 760 lndebomisss
615 710 682 769 usai3
694 705 787 758 dorum
796 717 882 774 genus.

239 833 277 894 Et
289 833 370 912 quod
384 832 483 904 addit,
495 836 535 890 Et
545 833 690 903 maribus,
705 849 758 912 per
775 849 950 890 consensum
970 821 1097 886 ostendit
1111 846 1173 886 esse
1190 821 1249 885 ‹lu-

238 930 396 989 rissimnm.
1300 930 1303 934 ’

278 1030 315 1086 V.
335 1045 385 1102 92.
408 1025 584 1102 Annigero.]
609 1024 781 1103 Metaphora
804 1043 821 1081 a
844 1022 1042 1091 bellantibus,
1061 1015 1093 1078 id
1115 1031 1176 1089 est,
1195 1017 1250 1098 qni

169 1133 171 1140 ’
238 1137 318 1181 ma
332 1117 459 1200 praebet,
471 1133 591 1179 tesseras
604 1131 634 1178 et
647 1115 776 1190 tabulas,
792 1127 821 1178 et
836 1119 897 1198 ipse
913 1117 965 1196 qui
979 1134 1116 1176 nummos
1129 1111 1185 1173 sub
1199 1115 1250 1194 pi-

161 1277 176 1283 „
238 1234 329 1298 gnore
345 1227 456 1295 portat,
470 1217 517 1275 vel
531 1217 583 1294 qui
597 1213 795 1274 subministrat
808 1214 974 1294 pecuniam.

279 1313 316 1372 V.
333 1312 381 1390 95.
397 1311 531 1391 Secreto]
544 1315 611 1370 Non
623 1313 654 1369 in
667 1307 788 1390 publico
800 1309 950 1379 convivio,
960 1305 1011 1370 sed
1022 1305 1145 1387 privato.
1157 1303 1251 1366 Moris

238 1421 336 1470 autem
349 1419 408 1468 erat
419 1407 498 1488 apud
509 1409 659 1488 antiquos,
671 1429 708 1466 ue
722 1408 789 1486 quis
799 1407 920 1466 adderet
930 1403 1161 1485 possessionibus
1171 1404 1250 1475 suis,

148 1511 155 1534 ⁸
239 1518 291 1565 ant
304 1526 339 1566 ex
354 1505 412 1564 illis
425 1507 579 1565 minueret.

278 1605 315 1660 V.
335 1619 400 1661 roo.
420 1603 617 1678 refrigescas]
631 1601 769 1660 Patricios
782 1601 926 1680 majorum
941 1597 1084 1677 gentium.

277 1710 316 1764 V.
331 1717 395 1776 1⁰4·
406 1709 500 1764 Natus
511 1709 555 1762 ad
562 1707 760 1781 Euphratem]
774 1704 1005 1784 Mesopotameni
1018 1693 1151 1762 homines
1162 1695 1251 1762 elfre—

279 1905 356 1966 Ibid.
378 1907 484 1966 Molles
506 1932 536 1986 q.
556 1909 587 1966 in
610 1929 681 1966 aure
691 1911 778 1984 seru]
802 1905 907 1988 Argnit
928 1903 1083 1980 homines,
1105 1907 1157 1986 qni
1178 1904 1249 1966 ciem

239 2018 359 2086 propter
378 2005 530 2066 libidinem
550 2006 714 2066 libertatem
736 2007 926 2076 meruissent,
945 2019 975 2064 et
996 2005 1027 2064 in
1046 2003 1251 2064 libertinorum

240 2121 348 2181 corpus
366 2115 395 2162 et
412 2101 506 2161 tribus
524 2103 607 2162 relati
625 2115 738 2176 essent,
751 2101 876 2183 pertusio
895 2101 1032 2173 auribus,
1045 2099 1126 2182 signa
1138 2099 1250 2160 liberti-

240 2219 347 2262 norum
360 2200 453 2258 celare
467 2220 526 2258 non
540 2212 684 2279 poterant.

279 2297 316 2358 V.
335 2295 399 2355 106.
417 2297 657 2374 Quodnisgenta.]
672 2295 730 2370 Qui
743 2309 804 2356 erat
817 2315 921 2356 census
933 2307 1018 2356 antea
1031 2295 1172 2376 Equitum
1184 2295 1248 2352 Ro-

240 2413 403 2454 manorum.
958 2449 960 2456 .

278 2489 356 2548 Ibid.
373 2491 507 2566 Puqsura
519 2491 634 2572 agmon]
646 2487 838 2548 Laticlavium
849 2485 902 2566 (ὅ).

147 2579 150 2587 ¹
281 2607 348 2662 ¹⁰9·
364 2589 502 2643 Pallante
517 2600 546 2643 et
559 2587 688 2658 Licinia]
704 2585 796 2644 Pallas
816 2599 846 2644 et
864 2585 994 2644 Licinius
1008 2587 1039 2644 in
1053 2583 1119 2644 aula
1134 2579 1251 2646 Claudii

167 2679 170 2692 ⁴
240 2681 359 2742 Caesaris
370 2681 532 2758 prepositi,
546 2699 646 2739 curam
657 2683 731 2760 reip.
746 2695 910 2760 gesseruut,
923 2679 993 2741 ciam
1004 2680 1132 2740 libertini
1143 2695 1251 2742 essent.

238 2777 333 2838 Pallas
340 2777 462 2836 libertus
472 2775 586 2838 Claudii
596 2779 723 2850 Caesaris,
733 2779 865 2838 officium
873 2780 1020 2838 rationum
1029 2777 1253 2850 administravit,

239 2887 270 2934 et
283 2875 314 2933 in
329 2893 453 2934 numero
467 2879 626 2936 Pretornsn
644 2877 861 2956 relatus,un
873 2877 1002 2955 pnmusn
1011 2874 1250 2955 percunctantem

238 2973 381 3030 Caesarens
392 2971 430 3030 de
444 2973 558 3032 incestu
572 2973 739 3052 Agrippinae
754 2971 792 3032 ad
807 2975 924 3054 nuptias
937 2973 1144 3034 confirmasset.
1159 2977 1250 3032 Fam-

237 3054 297 3147 ipue
311 3069 373 3146 ipse
387 3067 629 3128 consuetudinem
642 3071 735 3148 stupri
748 3069 822 3128 adeo
836 3069 932 3148 palam
948 3071 1073 3144 lecerat,
1086 3081 1121 3128 ut
1134 3071 1165 3128 ln
1176 3088 1250 3149 quo-

239 3164 309 3224 dem
328 3165 483 3224 simulacro
502 3165 637 3224 Palatinae
656 3166 794 3223 Minervae
813 3165 994 3244 adscriptum
1011 3167 1066 3240 sit,
1078 3177 1249 3230 l'tAnAAG.

239 3275 440 3326 mmm.
463 3261 592 3318 Licinius
614 3281 650 3318 ex
672 3261 827 3319 Germania
849 3281 924 3340 puer
948 3276 1069 3342 captus,
1090 3275 1177 3322 tauta
1200 3264 1250 3322 in·

238 3357 358 3416 dustria
373 3357 442 3428 luit,
452 3369 486 3414 nt
495 3355 632 3434 reliquias
644 3357 822 3416 cibariorum
833 3341 910 3416 inter
923 3375 1078 3419 conservos
1090 3359 1252 3430 feneraret,

237 3465 269 3514 et
280 3455 329 3513 cui
340 3453 413 3532 quid
427 3452 614 3523 credidisset,
626 3453 706 3532 quali
720 3467 833 3532 poterat
847 3454 1041 3536 chirographo
1055 3455 1250 3535 pugillaribus

238 3549 435 3608 subnotaret:
461 3567 536 3626 quos
561 3546 631 3606 cirm
657 3550 688 3606 in
714 3549 900 3629 expeditione
923 3551 1052 3629 quadam
1076 3551 1253 3610 mutusne

238 3646 367 3716 flumen,
379 3646 597 3704 investimentis
609 3646 832 3718 recondidisset,
845 3652 878 3722 C.
890 3651 906 3706 J
908 3648 970 3708 ulio
984 3649 1089 3708 cesari
1098 3648 1249 3728 quondam

238 3741 392 3819 deneganti
401 3743 428 3799 ei
437 3740 629 3820 pugillaribus
638 3743 797 3821 quicquam
807 3745 1139 3816 annontusndwbnrus
1145 3745 1252 3822 lugens

238 3857 289 3896 eos
309 3834 434 3908 obtulit,
450 3836 546 3896 statim
569 3835 607 3896 ad
630 3837 873 3918 dispensationem
896 3839 1056 3915 admissus,
1072 3861 1132 3902 uon
1152 3839 1251 3900 multo

239 3945 306 4012 post
326 3933 531 3994 manumissus
543 3945 603 4007 est,
622 3931 690 3994 dein
711 3936 854 3996 curationi
876 3933 1037 3998 Galliarum
1058 3937 1096 3996 ab
1113 3940 1252 4016 Augusto
