2924 4662
264 341 341 448 „2210
493 354 1045 436 ιιιι.ιοιιιιιιιιιιιιι
1122 307 1126 312 ’
1203 337 1208 346 “

314 491 353 548 V.
372 490 437 550 138.
453 487 567 549 Mense.
576 499 585 562 ]
603 489 711 550 Mensis
732 491 844 560 citreis,
861 501 933 568 quas
952 483 1119 565 antiquitus
1134 497 1245 561 magno
1257 480 1294 540 in

276 586 372 664 pretio
386 587 547 658 habebant3
562 595 613 645 ant
626 588 663 646 de
677 589 775 646 ebore.

273 685 353 740 V.
369 692 433 752 ιιι.
449 685 539 741 Ponit
551 691 660 760 opaca]
674 684 764 761 Apud
778 683 913 760 antiquos
927 676 1126 738 munificentia
1137 669 1297 734 videbatur

276 780 455 857 apparatior,
467 800 491 837 sn
503 801 534 838 ιιι
546 799 678 838 convivio
691 799 761 858 aper
772 780 886 856 integer
899 779 1002 835 fuisset
1012 774 1169 834 exhibitus
1226 782 1229 789 '
1259 781 1265 789 ⁴

317 880 352 933 V.
370 885 435 945 142.
451 879 568 948 Parnm]
584 877 674 948 Qubd
687 877 766 936 solus
777 876 934 946 voraverit,
950 872 1033 952 quod
1044 871 1146 932 multis
1157 869 1295 928 sufficere

276 973 429 1050 potuisset.

258 1083 264 1094 ⁴
314 1071 350 1124 V.
372 1069 436 1136 146.
452 1073 540 1125 Iran's
551 1067 757 1143 plaudendum
769 1069 799 1144 f.
820 1075 859 1138 m]
877 1064 965 1136 and
986 1064 1023 1122 de
1043 1061 1235 1140 indigestione
1252 1061 1293 1118 sit

274 1177 409 1222 mortuus
422 1165 590 1234 intestatus,
605 1164 642 1222 de
656 1168 740 1244 cujus
754 1175 926 1222 testamento
937 1159 1012 1220 nibil
1025 1159 1174 1218 consecuti
1187 1169 1266 1222 sunt.

314 1262 350 1317 V.
371 1259 435 1316 151.
451 1263 605 1332 Feriarum]
621 1259 757 1331 Lucillii,
770 1273 799 1318 et
811 1273 991 1317 caeterorum.

313 1367 351 1421 V.
372 1365 437 1422 155.
449 1369 531 1422 Pone
547 1369 731 1441 Tegilliaum]
746 1370 779 1423 C.
795 1365 944 1423 Fulcinius
957 1363 1019 1442 (ιο)
1036 1360 1191 1440 Tigillinus
1205 1369 1288 1435 patre

276 1462 482 1540 Agrigentino,
494 1463 665 1539 Scylaceum
680 1461 840 1541 relegatus,
854 1461 986 1541 juvenis,
1002 1479 1106 1537 egens,
1120 1478 1220 1514 verum
1235 1453 1292 1524 ad,-

275 1557 397 1614 modum
409 1555 548 1638 pulcher,
563 1560 593 1615 in
606 1559 833 1618 concubinatum
847 1561 864 1614 'a
879 1557 997 1626 Bincio,
1010 1568 1039 1612 et
1051 1555 1143 1611 Lucio
1155 1553 1288 1610 Domitio

275 1652 384 1711 maritis
393 1654 576 1732 Agrippinae,
589 1667 618 1712 et
631 1653 755 1721 Fulviae,
771 1669 904 1711 sororum·
917 1653 1047 1722 Caesaris,
1058 1665 1145 1728 atque
1160 1650 1190 1707 in
1201 1649 1291 1728 utris-

275 1770 334 1828 que
348 1750 488 1808 uxoribus
504 1763 672 1826 suspectns,
689 1750 727 1808 ob
742 1750 798 1808 hoc
813 1750 891 1809 Urbe
907 1763 1089 1819 summotus,
1105 1741 1291 1825 piscatoriam

274 1845 439 1903 machinam
461 1845 616 1903 exercuit:
640 1845 737 1923 quoad
762 1859 878 1924 accepta
901 1842 1061 1902 hereditate
1082 1841 1209 1901 reditum
1232 1842 1289 1899 sub

274 1937 442 1998 conditione
457 1942 638 2019 impetravit,
653 1953 687 1998 ut
707 1941 866 2000 concubitu
881 1939 995 1998 Claudii
1008 1939 1174 1997 abstineret.
1191 1941 1289 2008 Quare

275 2036 396 2095 saltibus
405 2037 435 2095 in
444 2036 553 2114 Apulia
563 2049 592 2094 et
602 2035 732 2094 Calabria
742 2037 931 2115 comparatis,
943 2033 1012 2094 cirm
1024 2033 1183 2093 studiosius
1194 2051 1289 2110 equos

274 2133 472 2212 quadrigarios
483 2133 587 2205 aleret,
599 2133 756 2191 amicitiam
765 2134 889 2191 Neronis
901 2144 1018 2202 nactus,
1030 2131 1142 2209 primus
1156 2128 1241 2186 illum
1250 2129 1289 2186 ad

273 2229 405 2288 studium
418 2229 597 2288 Circensium
610 2229 711 2286 movit.
727 2233 846 2287 Mortuo
859 2241 958 2286 autem
971 2230 1105 2295 Nerone,
1121 2224 1213 2292 Galba
1227 2224 1288 2280 im-

273 2338 390 2406 perator
405 2325 517 2410 pqpulo
537 2329 671 2384 Romano
691 2325 866 2404 deposcente
887 2323 1066 2402 supplicium
1079 2322 1178 2380 Haloti
1192 2333 1220 2378 ct
1234 2321 1287 2378 Ti-

273 2422 384 2501 gillini,
400 2421 478 2479 solos
492 2441 528 2480 ex
542 2421 817 2480 omnibus'Neronis
831 2420 1003 2489 emissariis,
1018 2418 1066 2476 vel
1079 2416 1285 2484 maleficentis-

273 2518 377 2588 simos,
386 2517 548 2574 incolumes
556 2517 701 2593 praestitit:
712 2530 800 2594 atque
809 2516 927 2594 insuper
934 2515 1074 2573 Halotum
1081 2514 1287 2592 procuratione

273 2614 451 2692 amplissima
463 2613 584 2672 ornavit.
594 2617 650 2671 Pro
660 2612 798 2690 Tigillino
811 2614 898 2670 etiam
909 2613 1023 2670 saevitiae
1034 2610 1181 2689 populum
1189 2610 1286 2668 edicto

267 2711 429 2788 increpuit.
908 2719 911 2726 ⁴

313 2805 389 2864 Ibid.
401 2807 505 2876 Pone]
514 2808 577 2864 Hoc
587 2817 644 2875 est,
658 2805 688 2864 in
700 2806 783 2862 satira
793 2825 916 2883 ponere,
926 2805 1090 2884 vituperare
1101 2803 1284 2881 Tigillinum,

273 2921 362 2978 quem
375 2921 398 2958 ει
391 2901 629 2973 'laeseris,'v1vns
642 2901 757 2958 ardebis
766 2899 1059 2978 ,quemadmodum
1050 2920 1081 2957 m
1093 2919 1214 2957 munere
1225 2903 1283 2956 Ne-

271 2999 350 3056 ronis
363 2999 420 3055 vivi
433 3012 580 3068 arserunt,
596 2998 632 3055 de
651 2996 759 3075 quibus
778 2996 853 3054 ille
842 3009 967 3074 jusserat
982 3015 1082 3055 cereos
1095 2997 1173 3066 lieri,
1187 3008 1222 3053 ut
1236 2996 1286 3052 lu-

270 3107 370 3152 cerent
384 3071 650 3172 spectatoribus,
623 3113 691 3150 cum
708 3094 764 3148 lixa
779 3105 873 3150 essent
891 3092 949 3150 illis
967 3105 1103 3202 guttura,
1118 3111 1155 3149 ne
1169 3112 1199 3148 se
1212 3111 1283 3149 cur-

269 3203 379 3248 varent.
394 3193 471 3247 Nero
485 3189 631 3246 maleficos
644 3189 776 3266 homines
794 3189 860 3246 teda
880 3201 909 3246 ct
926 3189 1027 3268 papiro
1046 3202 1075 3246 et
1093 3209 1157 3247 cera
1177 3208 1282 3266 super·

270 3287 424 3354 vestiebat,
437 3299 465 3344 et
478 3288 519 3344 sic
529 3286 567 3343 ad
581 3287 678 3362 ignem
691 3261 839 3343 admoveri
850 3286 1035 3364 jubebat,a1t
1048 3286 1192 3345 arderent.

283 3368 294 3386 ι
309 3385 385 3469 Ibid.
400 3387 481 3440 Pone
497 3385 683 3457 Tigillinum]
699 3385 798 3453 Nunc,
812 3383 887 3441 sicut
901 3383 971 3441 olim
982 3385 1111 3441 Matium
1122 3382 1278 3453 Lucillius,

273 3494 308 3540 ut
321 3481 436 3540 Persius
450 3501 456 3536 :
622 3559 623 3566 ἵ

445 3614 451 3625 .
472 3614 478 3626 .
499 3613 504 3624 .
524 3612 530 3624 .
548 3575 631 3626 Secnit
644 3577 763 3626 Lucillins
777 3577 882 3638 Urbem,

429 3706 430 3712 ,
444 3660 479 3706 Te
495 3655 583 3720 Lupe,
595 3666 618 3704 te
633 3655 715 3716 Muti,
729 3667 754 3704 et
767 3659 907 3722 genuinum
922 3654 998 3722 fregit
1012 3658 1041 3704 in
1055 3656 1112 3706 tuis.

267 3765 354 3821 Hunc
370 3775 466 3819 tamen
484 3759 596 3817 Mutius
616 3759 728 3817 fortiter
745 3779 779 3817 ac
800 3761 942 3838 sapienter
962 3751 1049 3830 tulit,
1063 3779 1231 3838 quanquam
1246 3759 1277 3816 in

264 3853 340 3918 'eum
354 3857 466 3915 dictum
484 3856 536 3925 sit,
551 3857 575 3912 si
588 3855 717 3912 Mutiuin
732 3856 926 3927 insectabere,
941 3852 1074 3914 futurum
1088 3867 1131 3913 est
1144 3867 1178 3914 ut
1191 3855 1279 3912 miser

273 3956 322 4014 sis.
336 3953 391 4014 Vel
400 3980 414 4028 ,·
423 3965 524 4012 utrum
539 3951 668 4031 ignoscat
678 3952 791 4014 Mutius
803 3972 840 4012 an
851 3972 927 4024 uon,
939 3951 1019 4012 baud
1030 3952 1218 4014 laboraveris:
1231 3950 1282 4009 sed
