2868 4658
380 338 871 411 rnsruvsrsssrrasn
891 342 969 407 xv.
1085 370 1088 381 ‚
1112 339 1175 425 aa,

173 467 276 537 nobis,
290 467 370 544 quod
384 481 449 526 exta
465 469 591 526 bominis
608 469 708 526 locum
723 485 911 534 communem
925 463 1133 540 immolarunt(
1151 463 1175 541 ).

211 567 248 620 V.
262 564 309 620 86.
323 567 470 621 Elemento
477 563 628 639 graculum]
641 562 786 620 Gratulari
798 575 826 620 te
838 561 936 640 ipsum
947 560 1090 619 elemento
1097 560 1177 638 ,igni

114 691 118 698 ·
173 659 292 717 scilicet.

212 758 247 813 V.
261 775 307 832 90.
323 760 441 816 Ultimus
452 765 570 830 autern]
585 758 643 831 Qui
654 759 733 815 venit
743 759 804 836 jam
818 754 999 840 novissimus.

179 907 180 912 ,
212 855 248 918 V.
264 856 389 927 91..Qur'
398 859 472 912 steni
485 857 656 930 absumpto]
671 855 702 912 Si
720 853 843 911 ulterius
857 851 977 910 senserit
988 849 1178 927 voluptatem.

210 949 248 1005 V.
261 949 309 1022 93.
326 952 469 1008 Vascones
480 951 604 1022 utfama
616 957 677 1020 est]
690 948 806 1006 Obsessi
818 948 969 1026 Saguntini
978 945 1015 1004 ab
1023 944 1178 1015 Annibale,

172 1044 264 1102 coacti
277 1058 345 1103 sunt
357 1046 545 1103 cadaveribus
559 1065 679 1114 snorum
695 1044 782 1122 pasci.
796 1047 949 1118 Lucanus:
994 1047 995 1056 ’

346 1143 480 1194 Obsessum
490 1147 567 1192 Poeno
577 1145 713 1208 gessitque
724 1144 803 1190 Marte
813 1143 958 1206 Saguntum.

172 1237 260 1300 Caesis
281 1237 392 1296 scilicet
412 1237 590 1297 imbellibus.
610 1237 671 1296 11111
691 1257 758 1304 nam
781 1256 842 1294 non
855 1235 898 1307 ¹⁴ab
918 1233 1078 1303 Annibale,
1093 1232 1143 1292 sed
1162 1253 1180 1290 a
1207 1287 1210 1300 ,

172 1330 293 1394 Metello
307 1332 441 1390 obsessos
453 1333 566 1394 dicunt.
1124 1377 1127 1382 -

211 1431 248 1485 V.
262 1428 310 1504 95.
323 1433 461 1486 Fonunoe
475 1431 584 1486 ιἠνίάὶα
598 1435 663 1498 ess]
680 1433 752 1500 Quae
767 1429 805 1486 ad
818 1428 874 1486 hoc
888 1447 939 1486 eos
950 1428 1080 1494 deduxit.

175 1551 179 1576 t
212 1523 289 1580 Ibid.
302 1526 477 1600 Bellorumq.
493 1526 614 1595 aberra]
630 1522 705 1582 cum
719 1523 921 1596 obsiderentur
932 1543 948 1580 a
959 1523 1088 1581 Metello.

212 1623 248 1676 V.
263 1641 311 1695 97.
325 1622 418 1691 Hujus
432 1623 507 1678 emin
515 1664 526 1692 ,
540 1622 620 1697 quod
631 1641 707 1680 aare
719 1626 778 1695 aga]
793 1623 837 1678 De
851 1639 911 1696 quo
926 1619 1067 1697 loquebar
1081 1618 1179 1676 modo.

176 1703 187 1753 .'
210 1721 246 1774 V.
259 1717 308 1790 98.
320 1717 398 1772 Sicut
406 1719 493 1774 modo
505 1719 582 1774 dicta
593 1717 667 1772 raalai
674 1722 764 1792 gens]
776 1719 922 1774 Vascones
929 1715 1093 1794 Saguntini,
1105 1710 1180 1792 qno-

171 1831 238 1868 rum
249 1810 360 1868 dictum
376 1811 412 1868 sit
425 1823 459 1868 ut
474 1813 518 1869 si*
528 1813 621 1890 major
635 1811 743 1870 invidia
756 1811 825 1869 sacti
837 1811 1022 1890 exemplum,
1034 1811 1116 1888 quod
1129 1831 1179 1868 so-

171 1906 248 1977 leas,
262 1926 322 1964 non
335 1907 417 1983 quod
430 1907 556 1970 horreas.
633 1969 636 1976 ,
696 1971 697 1978 ἵ
837 1910 839 1914 ’

79 1994 83 1999 ’
211 2005 247 2058 V.
265 2021 330 2058 roo.
347 2003 458 2059 Ventris
464 2003 573 2074 sumn]
586 2003 682 2060 Famis
695 2001 807 2080 inopia.

211 2101 247 2154 V.
265 2107 329 2166 104.
343 2101 421 2155 Dira.
431 2111 471 2154 at.
486 2101 631 2172 icpassis]
646 2099 821 2175 Saguntinis.

213 2197 249 2251 V.
266 2215 330 2266 1⁰7·
344 2196 467 2250 Zenonis
473 2201 647 2269 praccepta]
665 2198 744 2252 Zeno
759 2194 856 2251 stoicas
871 2205 954 2250 seotae
967 2192 1010 2270 (7)
1026 2193 1062 2250 ab
1077 2209 1180 2252 eorum
1295 2265 1297 2270 Ι

140 2277 142 2282 ’
178 2289 440 2368 quiquebomines
455 2301 519 2348 tum
536 2307 597 2368 esse
615 2289 646 2346 id
664 2309 824 2360 summum,
838 2301 874 2346 ut
889 2288 1109 2348 solumbonum
1121 2309 1183 2348 esse

146 2405 149 2416 ·
175 2387 298 2446 dicebat.
336 2411 338 2416 ·
1027 2437 1033 2452 .

211 2489 247 2541 V.
268 2485 331 2541 108.
351 2486 492 2540 Proviso
502 2485 649 2559 facienda
666 2489 713 2558 p.]
738 2481 795 2540 Sed
817 2503 870 2560 per
892 2481 1090 2553 honestatem,
1105 2482 1180 2540 sieut

173 2581 262 2639 Stoici
275 2581 395 2652 dicunt,
407 2579 513 2637 melius
523 2593 584 2638 erat
596 2580 690 2651 mori,
703 2577 792 2657 quam
806 2579 993 2636 cadaveribus
1004 2579 1093 2654 pasci.
1168 2593 1170 2602 ¹
1262 2573 1263 2576 '

148 2701 150 2707 ·
194 2680 247 2733 aV.
265 2697 329 2752 109·
346 2678 453 2732 Stoicus
466 2677 580 2752 annqui
590 2696 668 2751 pror.
683 2677 813 2745 Metelli]
830 2675 914 2732 Unde
933 2687 1179 2752 poterattantum

173 2792 271 2850 sapere
279 2783 422 2848 quantum
431 2775 521 2843 Zeno,
529 2783 564 2828 ut
575 2771 762 2828 cadaveribus
771 2770 936 2842 abstineret,
945 2769 1040 2828 scelus
1048 2771 1179 2849 putando

173 2870 352 2954 committere
366 2889 420 2946 pro
431 2870 498 2926 vitae
511 2867 693 2946 cupiditate?

211 2971 246 3024 V.
258 2985 321 3023 110.
334 2968 439 3022 Grecos
448 2978 614 3040 nocuasque
622 2965 652 3020 h.
660 2985 686 3022 o.
694 2966 741 3034 A.]
752 2966 896 3022 Romanas
905 2964 1014 3022 litteras
1020 2969 1177 3023 etGraecas.

210 3065 247 3118 V.
265 3066 388 3119 111..Βο
398 3063 603 3132 conducendo]
617 3064 661 3142 De
671 3059 838 3118 adhibendo
850 3060 973 3138 negotiis
984 3061 1043 3118 suis
1055 3075 1176 3120 oratore.

210 3157 287 3214 Ibid.
305 3157 415 3226 Thule]
430 3157 534 3214 Civitas
547 3157 579 3213 in
592 3159 729 3227 Oceano,
741 3154 836 3214 insula
853 3156 956 3234 inqua
970 3156 1083 3216 brumae
1100 3169 1176 3216 tern-

172 3273 243 3332 pore
253 3251 425 3310 diesnulli:
441 3251 829 3329 perinde-solstitialiaestivo
842 3251 1002 3328 nonnulla.
1047 3317 1048 3326 χ

210 3354 246 3406 V.
261 3349 325 3406 115.
340 3351 411 3404 Tale
421 3349 492 3423 quid
503 3361 629 3406 excusat.
640 3351 892 3406 Moeotidesoevior
902 3356 977 3420 ara.]
990 3354 1076 3408 Juxta
1086 3354 1178 3408 Maeo-

136 3491 140 3501 .
174 3445 227 3502 tim
239 3443 377 3521 paludem
391 3442 508 3500 Taurici
523 3455 607 3512 sunt,
619 3461 745 3519 qnorum
758 3463 810 3502 rex
820 3424 921 3502 Tbaeas
929 3445 971 3521 (8)
984 3445 1177 3504 advenasim-

173 3540 283 3598 molare
294 3551 445 3598 consuerat
455 3557 548 3616 usque
558 3538 589 3597 in
597 3538 755 3596 adventum
764 3541 873 3598 Orestis
885 3553 913 3599 et
923 3541 1038 3618 Pyladis
1049 3562 1057 3610 ς
1068 3543 1176 3620 quibus

135 3695 138 3716 Ι
172 3632 291 3716 agnitis,
305 3635 438 3712 Ifigenia,
452 3654 517 3712 quae
531 3646 591 3692 erat
605 3635 707 3712 templi
721 3636 868 3712 sacerdos,
882 3637 978 3696 ableto
997 3638 1064 3696 inde
1075 3640 1176 3698 Dianae
1264 3713 1267 3722 1

172 3734 271 3812 signo,
282 3730 409 3808 aufugit,
419 3729 508 3808 idque
517 3730 621 3788 Ariciae
631 3733 816 3791 consecravit.
825 3735 864 3790 Et
872 3733 1039 3792 Sallustius:
1050 3751 1175 3813 namque

170 3831 303 3890 omniurn
316 3826 486 3889 ferocissimi
499 3827 537 3884 ad
548 3827 607 3896 ,hoc
619 3839 735 3905 tempus
748 3827 848 3886 Acbaei
857 3841 951 3907 ¹atque
966 3832 1081 3890 Taurici
1093 3846 1173 3903 sunt,

171 3925 267 4004 quod,
277 3936 419 4003 quantum
430 3922 567 4004 conjicio,
577 3923 711 3982 locorum
721 3935 859 4002 egestate,
872 3937 955 4002 rapto
965 3927 1174 3994 viverecoacti.
