2930 4660
233 388 236 394 ·
276 375 338 440 170
477 355 1083 425 unruvnnnstonuu·

274 498 305 541 s.
323 475 396 543 502.
408 480 473 544 Tot
481 481 599 568 premit
605 479 788 561 ordinibus,
795 495 844 546 tot
852 477 959 544 adhuc
965 478 1176 567 compagibus
1182 479 1284 542 altrum

304 625 309 636 .
412 575 570 642 Aedificat
591 575 966 668 caput3Andromaohen
989 575 1079 661 (erat
1098 575 1285 664 longissima

458 694 497 736 ex
510 670 629 737 Ovidio
643 671 789 736 Hectoris
801 672 903 755 uxor)
916 669 1056 760 astante
1065 668 1191 734 videbis

412 767 495 833 Post'
507 769 615 834 minor
631 785 697 849 est,
711 769 805 832 aliam
823 767 965 856 credas]

314 929 391 998 Post,
399 925 431 984 id
440 939 492 997 est,
499 938 612 998 retro,a
623 939 714 1006 tergo,
723 946 831 986 aversa.
841 927 948 986 Irridet
956 930 973 986 J
974 926 1104 986 uvenalis
1113 946 1225 985 morem
1232 925 1285 1004 qui

273 1034 356 1080 aetate
365 1020 417 1080 sual
419 1024 555 1118 primum
564 1024 666 1101 coepit,
677 1009 710 1082 ut
721 1044 756 1081 ex
766 1023 835 1082 solis
843 1024 970 1082 nummis
980 1023 1133 1096 discimns3
1145 1023 1284 1080 nimirum

273 1117 396 1194 Trajano
404 1120 578 1196 Imperante,
587 1132 615 1177 et
622 1139 713 1177 annos
721 1113 1032 1197 circiterqitadraginta
1039 1118 1164 1176 duravit.
1172 1117 1286 1175 Plotina

272 1213 352 1269 enim
366 1217 498 1291 Augusta
511 1214 626 1294 Traiani
641 1215 767 1293 Augusti
783 1233 858 1274 uxor
872 1213 959 1272 habet
975 1235 994 1270 a
1000 1215 1102 1288 fronte
1117 1213 1148 1272 in
1161 1213 1284 1271 modum

272 1307 420 1367 turriculae
432 1309 480 1368 vel
492 1310 622 1370 turbanti
635 1311 775 1390 capillum
789 1311 899 1370 elatum
912 1310 1088 1380 admodum,
1100 1322 1173 1366 retm
1186 1320 1283 1367 autem

272 1403 443 1482 depressum
452 1419 482 1464 et
491 1407 522 1464 in
531 1407 625 1466 varios
634 1407 720 1465 orbes
730 1397 876 1466 volutum.
884 1412 995 1467 Tamen
1006 1408 1037 1468 iu
1044 1426 1168 1465 nummo
1180 1395 1285 1464 Graeco'

271 1499 408 1558 Domitiae
417 1505 557 1580 Augustae
565 1502 725 1560 Domitiani
732 1506 808 1582 Aug.
819 1503 951 1581 conjugis
960 1501 997 1562 ab
1007 1499 1139 1580 Ephesiis
1150 1513 1179 1560 et
1189 1505 1284 1580 Smyr

272 1594 342 1650 naeis
358 1614 511 1670 percusso,
524 1597 653 1653 Domitia
669 1595 757 1654 habet
774 1597 947 1656 anteriorem
961 1596 1100 1676 capillum
1115 1597 1145 1654 in
1158 1609 1285 1675 quatuor
1361 1613 1363 1617 '

272 1688 358 1746 orbes
370 1689 505 1747 volutum
519 1703 548 1747 et
561 1690 679 1748 elatum.
695 1692 840 1750 Marciana
852 1695 984 1771 Augusta
1000 1712 1082 1751 soror
1096 1694 1282 1772 Imperatoris

272 1785 386 1862 Trajaui
397 1786 523 1859 afronte
537 1787 611 1844 duas
623 1787 767 1866 ejusmodi
781 1789 968 1859 eminentias,
980 1789 1062 1847 velut
1073 1790 1148 1848 duos
1159 1789 1281 1867 grandes
1365 1854 1372 1868 ¹

272 1879 427 1953 modulos,
441 1881 529 1939 babet
541 1882 662 1941 alteram
676 1896 743 1962 post
756 1884 893 1954 alteram,
906 1885 943 1942 ab
957 1905 1015 1943 una
1029 1906 1099 1944 aure
1111 1879 1148 1942 ad
1161 1885 1281 1944 alteram

271 1976 463 2056 pertinentes,
476 1989 714 2057 crescentesque,
728 1967 821 2038 donec
837 1979 875 2038 ad
891 1980 1018 2040 mediam
1035 1981 1161 2041 frontem
1175 2001 1280 2060 perve-

272 2073 369 2144 niant,
386 2092 511 2150 quarum
530 2073 627 2151 priore
649 2077 793 2152 posterior
815 2076 955 2136 excelsior
976 2089 1005 2136 et
1022 2076 1108 2135 altior
1127 2089 1188 2135 est:
1205 2090 1280 2134 retro

199 2193 201 2202 ’
268 2180 367 2226 autem
379 2168 535 2246 capillum,
550 2181 584 2226 ut
601 2169 732 2242 Plotina,
748 2172 778 2230 in
798 2171 882 2231 orbes
895 2171 1030 2230 volutum
1046 2171 1142 2232 habet.
1159 2172 1278 2229 Matidia

264 2268 402 2344 *Augusta
415 2265 495 2324 Divae
509 2267 662 2349 Marcianae
679 2267 753 2340 lilia,
767 2281 801 2326 ut
819 2282 912 2328 mater
931 2289 983 2328 sua
1000 2270 1144 2328 Marciana
1163 2282 1279 2348 compta

271 2373 325 2420 est.
348 2361 461 2420 Plotina
482 2364 597 2442 Trajani
621 2365 807 2442 Imperatoris
833 2385 907 2424 uxor
930 2363 1051 2444 capillos
1073 2365 1230 2424 anteriores
1250 2365 1283 2422 in

271 2458 364 2516 altum
377 2470 544 2536 suggestum
560 2473 745 2536 exaggeratos
762 2472 792 2517 et
809 2459 924 2518 duabus
942 2461 1037 2520 fasciis
1051 2461 1179 2519 inclusos
1194 2460 1282 2519 habet

270 2553 302 2612 iu
315 2573 438 2612 nummo
456 2552 610 2624 Hadriani,
625 2553 656 2612 in
673 2575 818 2632 quocum
834 2555 896 2614 viro
917 2575 971 2614 suo
990 2557 1114 2636 Trajauo
1134 2558 1279 2626 cernitur,

271 2667 341 2706 cum
358 2647 564 2726 inscriptione:
580 2669 676 2706 n1v1s
697 2669 923 2710 insanamve.
944 2652 1050 2711 Sabina
1067 2655 1199 2730 Augusta
1217 2653 1278 2708 Ha-

269 2744 362 2803 driani
380 2745 505 2823 Augusti
523 2746 647 2825 conjux,
664 2745 725 2804 filia
742 2748 889 2818 Matidiae,
907 2749 1061 2807 Marcianas
1079 2748 1195 2829 Trajani
1216 2753 1280 2806 Au·

269 2842 347 2920 gusti
361 2842 467 2900 sororis
482 2843 595 2921 neptis,
612 2842 733 2922 capillos
747 2845 904 2902 anteriores
918 2865 1103 2924 nequaquam
1118 2846 1235 2925 plexos,
1246 2864 1280 2901 ac

268 2940 299 2999 in
314 2958 408 2996 unum
422 2950 536 2998 tantum
548 2939 640 2997 veluti
658 2953 827 3019 suggestum
848 2955 1032 3021 exaggeratos
1051 2955 1081 3000 et
1097 2941 1184 3000 fasciis
1199 2959 1280 3000 com·

267 3053 381 3117 pressos
401 3033 510 3108 habet,
530 3037 703 3115 posteriores
727 3051 825 3096 autem
846 3037 1038 3117 depressiores
1058 3057 1091 3096 ac
1110 3037 1232 3116 plexos,
1250 3049 1280 3094 et

267 3131 353 3190 variis
362 3130 483 3190 orbibus
491 3131 643 3192 distinctos
653 3153 689 3192 ex
697 3135 836 3192 nummis.
847 3133 905 3192 Sed
915 3135 1011 3193 Annia
1020 3133 1135 3193 Galeria
1144 3133 1279 3192 Faustina

269 3227 359 3287 Annii
374 3227 443 3285 Veri
461 3227 537 3297 lilia,
554 3232 588 3286 L.
610 3229 687 3287 Aelii
707 3230 826 3289 Caesaris
845 3249 927 3316 sorpr
946 3230 1152 3290 formosissima
1172 3230 1279 3288 femina

269 3323 410 3382 Antonini
428 3324 471 3381 Pii
487 3325 614 3403 Augusti
631 3345 707 3384 uxor
724 3325 803 3384 huno
821 3345 934 3385 morem
953 3327 1046 3405 prima
1065 3325 1230 3395 damnavit,
1245 3336 1279 3382 ut
1327 3399 1331 3406 ἡ

203 3417 230 3464 ‚'
266 3422 472 3492 invenustum,
491 3433 520 3480 et
539 3435 649 3482 oaetcrae
669 3444 733 3482 eam
754 3437 893 3482 matronae
917 3437 1024 3483 secutae
1047 3435 1124 3500 sunt.
1143 3424 1279 3482 Faustina

266 3525 398 3598 Augusta
418 3521 481 3598 ejus
500 3518 575 3590 lilia,
590 3521 681 3580 Marci
700 3519 814 3584 Aurelii
833 3522 975 3580 Antonini
994 3522 1120 3601 Augusti
1140 3532 1278 3591 uxor,·ct

264 3596 377 3674 'Lucina
396 3636 473 3674 uxor
491 3620 525 3674 s.
545 3615 658 3674 Aureus
679 3618 749 3677 sert
771 3619 919 3697 Augusti,
938 3623 980 3678 M.
1002 3619 1115 3678 nunu
1136 3617 1278 3676 Antonini

266 3725 296 3769 ct
313 3712 455 3770 Faustinae
474 3711 551 3783 lilia,
565 3711 639 3770 nihil
660 3734 677 3770 a
700 3714 795 3778 fronte
816 3715 930 3774 editum
948 3714 1074 3785 habent,
1088 3713 1140 3774 sed
1159 3734 1278 3772 omnem

264 3806 404 3886 capillum
416 3808 446 3866 in
460 3808 567 3888 gradus
579 3807 659 3879 aliae,
670 3810 733 3868 aliae
747 3811 778 3868 in
791 3809 916 3870 annulos
928 3811 1055 3868 fractum
1067 3830 1100 3868 ac
1110 3810 1184 3868 benc
1196 3829 1278 3868 com—

263 3906 410 3990 positum,
429 3917 511 3964 retro
530 3902 666 3964 docenter
686 3907 717 3964 in
739 3920 796 3966 tres
818 3920 871 3967 aut
889 3919 1016 3987 quatuor
1035 3907 1183 3990 orbiculos
1203 3907 1277 3965 desi-
