2930 4660
306 287 311 299 ’
358 339 967 409 uorsumsuvnunnnu.
1101 339 1161 408 ιω

36 537 38 544 y
153 461 250 541 hujus
262 462 337 522 calvi
347 464 470 524 Nemnis
483 465 684 524 crudelitatem
697 467 783 524 uiuis
796 479 825 526 et
837 465 936 545 aperti
949 467 1110 526 defectione
1121 483 1166 524 re-

154 557 314 638 primeret,
326 571 356 617 et
370 573 532 620 removeret
543 581 560 620 s
572 561 776 640 gubernaculis
788 562 966 642 reipublice.
980 566 1012 621 C.

574 725 756 745 mm

304 804 456 890 storin
480 833 530 889 ru
554 834 769 891 sturnini
796 787 1031 903 Qutursu.

160 1001 193 1044 v.
210 1002 241 1042 1.
258 978 292 1042 si
302 993 333 1041 te
341 978 500 1067 propositi
511 977 658 1044 nondum
668 978 770 1067 pudet
781 995 878 1066 atque
889 977 999 1044 eudem
1009 994 1056 1043 est
1066 1000 1165 1064 mens,

260 1077 305 1140 Ut
317 1076 402 1140 boun
415 1099 540 1141 summa
556 1093 649 1166 putes
665 1075 772 1140 eliensi
783 1067 890 1142 vivere
903 1075 1059 1166 quedrd]
1141 1113 1145 1120 ·

203 1217 241 1274 Id
260 1228 321 1287 est,
336 1219 432 1274 alieno
446 1237 548 1292 pane,
564 1219 647 1296 cujus
668 1229 697 1276 et
719 1218 912 1296 fragmentum
932 1228 961 1275 ct
982 1235 1049 1295 pers
1068 1227 1170 1294 quarta

162 1311 236 1372 cium
251 1313 368 1392 proprie
384 1317 498 1402 quadra
508 1317 600 1390 panis
612 1327 781 1384 vocaretur,
794 1333 866 1373 usus
883 1315 970 1374 etism
985 1307 1122 1384 invaluit,
1136 1325 1172 1371 ut
1263 1383 1267 1392 Ι

163 1429 379 1488 nonnunquam
396 1410 567 1489 simpliciter
585 1423 615 1468 et
635 1410 768 1469 absolute
789 1413 905 1486 quadra
920 1410 1082 1468 diceretur:
1097 1409 1172 1468 sicut

162 1504 233 1565 loco
246 1505 570 1586 superioriJuvenolis,
584 1518 613 1564 et
625 1507 764 1586 Virgilius
779 1507 810 1564 in
824 1506 875 1564 lib.
893 1507 950 1564 v11
964 1504 1128 1564 Aeneidos:

311 1639 312 1644 ¹
341 1623 373 1672 Et
385 1622 478 1672 violare
489 1638 566 1672 manu
577 1621 700 1688 malisque
710 1621 848 1672 sndncilsus
858 1621 946 1671 orbern
1028 1620 1031 1628 ⁴

343 1699 433 1748 Fatalis
445 1702 537 1760 crusti,
545 1701 638 1765 patulis
649 1717 695 1748 nec
708 1717 808 1768 psrocre
820 1699 928 1766 quadris

166 1804 203 1862 ln
217 1823 306 1882 quem
321 1802 422 1860 locum
436 1804 552 1862 Servius
566 1804 606 1864 ita
620 1804 679 1862 ait:
696 1806 864 1878 «Quodne,
879 1816 931 1863 aut
946 1802 1070 1874 mensis,
1084 1813 1114 1862 et
1128 1814 1172 1862 est

165 1900 384 1970 antonomasia;
405 1920 473 1958 nam
496 1921 582 1980 supra
604 1901 700 1958 orbem
719 1901 795 1960 dixit
816 1900 1057 1979 (ridicule,ua1n
1077 1902 1173 1958 erdem

165 1998 300 2057 absolute
319 2017 379 2056 non
398 1997 566 2078 dixit,un
585 1999 703 2058 nomine
726 2019 825 2078 mensa
847 1999 991 2078 designari
1013 1999 1173 2078 potuisset,
1251 2069 1252 2074 ἵ

166 2096 218 2153 sed
234 2096 330 2152 orbem
344 2098 446 2166 crusti,
459 2095 490 2152 id
504 2107 565 2167 est,
581 2095 745 2154 crustulum
763 2095 959 2172 rotundum),
971 2107 1022 2154 aut
1037 2095 1174 2172 quadris,

167 2193 335 2270 fragmentis
343 2193 501 2270 accipimus
508 2193 625 2271 (supple
634 2193 848 2271 panis).»llunc
857 2192 1045 2269 posteriorem
1053 2191 1176 2269 explica·

169 2288 281 2346 tionem
288 2290 376 2367 magis
385 2287 881 2366 proboDiccbaturautemquadra
882 2288 974 2363 panis
981 2286 1176 2364 fragmentum

169 2385 269 2462 panis,
282 2396 311 2442 et
325 2387 441 2464 proprie
459 2397 561 2463 quarta
579 2401 645 2462 pars
663 2386 743 2464 ejus,
758 2397 792 2443 ut
809 2387 924 2460 quadra
940 2396 1024 2441 sectae
1037 2383 1176 2462 placente

168 2480 293 2540 Martiali
307 2481 338 2540 iu
354 2481 407 2540 lib.
426 2485 489 2553 Ill,
504 2482 596 2560 epigr.
617 2481 671 2554 35,
686 2482 717 2540 in
734 2481 787 2542 lib.
806 2483 866 2553 VI,
883 2481 975 2560 epigr.
990 2488 1046 2554 74,
1060 2479 1174 2556 quadra

164 2580 332 2653 placente,
348 2590 377 2635 et
390 2578 481 2656 epigr.
493 2597 549 2654 92,
564 2578 617 2636 lib.
632 2579 691 2636 IX:

411 2694 514 2742 libetur
526 2693 573 2742 tihi
586 2693 702 2743 candidas
715 2693 746 2743 ed
759 2711 812 2744 uras

414 2777 484 2824 Secta
497 2775 604 2838 plurimu
618 2775 716 2840 quadra
729 2776 761 2823 de
771 2776 894 2840 placenta.

172 2879 243 2936 Item
254 2879 370 2953 quadra
382 2879 462 2934 casei
467 2921 475 2949 ,
489 2877 581 2956 epigr.
595 2877 649 2948 32,
661 2877 714 2935 lib.
728 2879 796 2935 XII.
812 2876 971 2958 Gregorius
984 2873 1175 2959 Turonensis,

173 2974 349 3052 Episcopus,
364 2973 394 3030 in
410 2973 463 3032 lib.
479 2977 526 3044 II,
538 2994 602 3052 cep.
621 2993 654 3046 17
666 2977 682 3028 :'
691 2997 703 3025 c
713 2972 865 3050 Aspiciens
884 2993 948 3031 eam
962 2973 993 3030 in
1005 2985 1084 3031 veste
1095 2973 1177 3052 nigra

175 3093 186 3122 c
201 3071 373 3150 (conjugem
387 3070 465 3128 beati
482 3070 606 3128 Namatii
620 3074 817 3130 Arvernorum
834 3069 1006 3148 Episcopi),
1022 3071 1101 3144 senio
1116 3071 1177 3149 jans

175 3179 388 3244 «provectum,
409 3166 522 3244 putavit
547 3185 609 3224 esse
623 3149 724 3224 vunum
744 3165 781 3223 de
807 3164 979 3243 egentibus,
998 3165 1179 3244 protulitque

176 3285 188 3313 c
201 3265 344 3337 quadram
352 3265 444 3344 partis
452 3306 462 3333 ‚
478 3262 507 3320 c't
520 3263 618 3342 posuit
633 3264 664 3320 in
679 3262 745 3320 sinu
760 3263 842 3342 ejus,
855 3275 885 3320 et
898 3263 1044 3321 abscessit.
1057 3287 1070 3315 s
1085 3261 1179 3322 Theo·

175 3357 306 3417 demacus
326 3357 356 3416 in
377 3357 498 3436 epistola
518 3359 555 3416 ad
576 3359 714 3418 Carolum
735 3363 893 3436 Magnum,
908 3378 998 3435 quam
1010 3377 1107 3416 veram
1125 3378 1180 3416 nce

175 3455 385 3532 supposititiam
401 3475 417 3512 a
434 3455 584 3513 Francisco
598 3455 719 3514 Pithoeo
734 3466 881 3532 acceptam
893 3452 1020 3513 lacobus
1033 3454 1069 3513 de
1082 3453 1181 3512 Brolio
1276 3490 1284 3504 ·

175 3551 277 3624 edidit:
291 3545 478 3616 «Direxinrus
486 3563 606 3628 quoque
617 3549 734 3629 pondus
744 3550 1038 3628 quatuorlibrernm,
1049 3550 1087 3608 ed
1096 3551 1181 3629 cujn's

176 3647 396 3725 «aequalitatem
417 3646 554 3726 ponderis
577 3647 660 3722 panis
682 3646 787 3704 debeat
810 3647 891 3718 lieri,
906 3647 958 3724 qni
977 3647 1182 3722 itt-quaternos
1250 3664 1252 3668 ’

173 3767 187 3796 s
200 3747 327 3820 quadros
343 3743 523 3821 singularum
543 3741 701 3814 librarum,
712 3743 796 3820 juxta
815 3761 930 3802 sermm
948 3754 1060 3818 texturn
1072 3741 1197 3820 regulae,

178 3863 189 3891 c
201 3843 232 3896 B.
244 3841 335 3898 Patris
348 3839 440 3896 nostri
453 3836 622 3913 Benedicti,
637 3838 728 3915 possit
742 3836 843 3897 dividi.
858 3848 870 3892 s'
887 3840 931 3895 Ex
944 3838 1005 3915 quo
1019 3837 1085 3896 loc'o
1097 3837 1183 3896 intel-

176 3932 291 4014 ligimus
312 3919 457 4013 quadram
469 3936 688 4013 penis,quu1n
710 3935 854 4010 quadrum
870 3945 956 4002 voest
963 3973 977 4008 ,
986 3932 1102 4013 proprie
1123 3931 1182 3992 dici
