2930 4660
274 405 337 471 232
622 357 937 470 ruatslrlo.

273 529 363 594 venit
383 528 548 593 Francisci
570 527 677 594 fratris
697 529 852 596 carissimi
873 528 978 610 don0,
997 529 1049 591 cui
1072 527 1167 616 plura
1186 527 1287 618 longe

274 666 311 707 ac
325 642 479 725 meliora,
494 659 533 708 ut
545 649 657 734 spero,
670 644 840 734 posteritas
859 642 1006 708 debitura
1023 658 1082 706 est.
1098 643 1207 729 Atque
1220 643 1287 705 uti-

274 773 350 822 nam
369 758 485 822 veteris
504 757 630 822 librarii
646 781 779 822 manum
798 757 952 823 omnibus
971 757 1108 822 omnino
1126 756 1208 819 locis
1227 754 1286 819 ad-

271 871 365 959 sequi
376 872 531 953 lieuisset3
544 895 657 937 verum
673 873 781 938 nescio
796 895 862 960 quo
876 872 962 936 malo
973 871 1069 961 genio
1083 869 1285 952 factumest,

271 1002 309 1050 ut
321 988 483 1076 exemplar
496 985 579 1050 illud
595 987 685 1051 nulla
698 1003 788 1076 parte
802 987 917 1050 melius
930 1001 1026 1065 esset,
1039 987 1136 1073 quiam
1149 1007 1213 1072 qua
1225 985 1288 1048 im-

270 1101 368 1189 periti
385 1101 514 1165 lectoris
535 1100 639 1188 impio
656 1118 689 1165 et
707 1101 829 1165 infelici
850 1101 933 1189 stylo
953 1122 1098 1181 erasum,
1112 1099 1286 1165 infeliciori

271 1214 368 1278 etiam
381 1215 503 1278 calamo
517 1213 740 1297 emendatum,
754 1230 811 1278 aut
825 1213 1014 1278 mendatum
1030 1213 1137 1302 potius
1153 1229 1186 1277 et
1202 1233 1285 1278 con-

270 1329 463 1393 taminatum
482 1328 568 1392 fuit:
587 1327 667 1393 adeo
680 1344 718 1392 ut
733 1329 815 1392 mihi
833 1328 1019 1393 recentioris
1035 1328 1203 1416 scripturae
1213 1351 1298 1424 ves·-

268 1445 347 1532 tigia
361 1444 452 1531 quasi
473 1459 556 1506 notoe
572 1441 762 1532 iudicesque
779 1443 901 1507 luerint
917 1441 957 1507 ad
971 1443 1116 1507 veterem
1128 1441 1291 1532 indagem·

269 1557 344 1622 darn
359 1575 456 1646 atque
468 1555 660 1638 eruendam,
673 1580 769 1644 quam
782 1556 912 1645 adjectae
925 1558 1043 1646 passim
1056 1555 1096 1621 ad
1109 1573 1285 1643 utrumque

270 1671 449 1760 marginem
484 1671 766 1760 interpretationes
807 1669 972 1735 interdurn
1010 1669 1284 1760 suppeditarunt,

268 1808 352 1875 saepe
369 1808 429 1849 nos
447 1801 479 1849 et
496 1786 571 1874 ipsae
589 1783 810 1850 deseruerunt.
829 1785 950 1848 Earum
969 1807 1069 1875 porro
1089 1808 1187 1874 quern
1205 1807 1284 1850 auc·

266 1918 371 1966 torem
385 1900 577 1964 nominatim
591 1898 738 1982 laudem,
752 1921 820 1964 non
830 1885 958 1980 'habe0,
973 1903 1047 1963 cum
1063 1898 1192 1964 nullum
1206 1922 1285 1988 prae·

260 2017 350 2081 ¹serat
364 2014 467 2080 codex
479 1997 551 2098 ille,
565 2019 632 2102 quo
653 2014 714 2078 hac
735 2029 826 2104 parte
845 2013 898 2077 usi
919 2037 1032 2078 sumus
1046 2015 1165 2080 unico:
1181 2037 1287 2102 quan-

185 2169 190 2180 ·
222 2103 228 2116 .
268 2154 365 2221 quam
384 2153 451 2195 non
469 2129 586 2220 ignoro
600 2153 618 2193 a
634 2129 796 2218 plerisque
812 2152 880 2194 uon
897 2145 1066 2217 postremae
1083 2145 1168 2194 notra
1181 2130 1286 2218 scrip-

267 2246 395 2312 toribus
419 2245 529 2310 Probo
556 2244 658 2309 tribui
685 2244 916 2309 commentaria
944 2266 1010 2308 non
1037 2243 1071 2307 in
1095 2243 1286 2309 Iuvenalem

266 2360 388 2443 modo,
404 2359 505 2428 sedet
520 2361 555 2424 in
569 2360 609 2424 Α.
628 2360 730 2424 Persii
747 2361 859 2425 satiras
877 2359 951 2440 illa,
969 2382 1110 2447 quorum
1126 2360 1181 2424 hic
1199 2381 1284 2448 quo·

267 2497 331 2564 que
348 2476 469 2543 bonam
486 2490 609 2563 partem
626 2467 880 2538 emendatiorem
897 2471 1028 2556 damus,
1040 2475 1091 2538 usi
1108 2476 1206 2540 etiam
1221 2476 1285 2540 hac

267 2591 305 2654 in
320 2611 355 2653 re
368 2588 503 2653 consilio
514 2586 705 2674 judicioque
719 2587 916 2668 amicorum,
931 2605 1027 2674 atque
1041 2589 1201 2678 imprimis
1215 2590 1232 2652 J
1235 2612 1282 2654 os.

267 2703 420 2794 Scaligeri
433 2701 496 2765 viri
514 2700 792 2789 incomparabilis,
809 2699 850 2766 de
872 2724 937 2789 quo
955 2701 1113 2790 quidquid
1129 2721 1285 2794 praeterea

267 2793 404 2898 dixero,
414 2816 523 2890 minus
539 2817 610 2880 erit.
628 2814 667 2883 Id
680 2795 757 2890 vero
773 2816 823 2880 illi
840 2798 881 2880 an
900 2833 1102 2894 esteterum
1117 2797 1287 2886 librorum

268 2931 354 3012 fide,
376 2955 417 2995 an
440 2953 480 2995 ex
504 2933 690 3018 conjectura
716 2931 826 3018 potius
853 2931 989 3012 faciant,
1005 2954 1073 2996 non
1100 2934 1174 2997 satis
1199 2935 1280 2998 scio.

266 3045 355 3110 Illud
372 3045 573 3110 dissimulare
590 3066 657 3109 non
676 3067 826 3134 possum,
840 3043 929 3132 quod
946 3047 1111 3135 Berytium
1129 3047 1284 3112 nonnulli

267 3145 404 3243 vocant,
418 3162 535 3226 frustra
551 3184 626 3243 eos,
641 3176 673 3225 et
690 3183 806 3250 parurn
825 3161 936 3225 critice
954 3161 1074 3243 facere,
1088 3155 1118 3226 'si
1134 3160 1175 3254 ad
1186 3143 1284 3228 Vale·v

268 3277 355 3340 rium
365 3276 510 3340 Probum
521 3276 640 3340 referre
649 3275 765 3356 velint,
779 3276 871 3362 cujus
884 3274 953 3340 haee
963 3291 1086 3342 aetatem
1096 3277 1180 3342 serre
1189 3253 1291 3342 nullo·

267 3379 438 3482 privilegio
452 3405 594 3479 possunt.
612 3388 676 3454 Sed
693 3411 754 3454 nec
772 3388 883 3456 Probo
901 3389 1034 3478 quidem
1050 3391 1099 3454 illi
1116 3392 1278 3473 tribuam,-

268 3527 366 3594 quem
382 3502 493 3598 Lupus
506 3519 615 3568 noster
628 3503 689 3568 sub
703 3503 818 3568 Carolo
835 3504 933 3568 Calvo
947 3505 1033 3594 Imp.
1050 3504 1085 3606 in
1099 3493 1283 3569 Germaniae

233 3691 236 3696 ,
266 3597 350 3698 saltu
359 3617 506 3682 liberales
518 3617 706 3707 disciplinas
719 3597 881 3700 tractasse,
894 3620 1024 3697 satiram
1035 3619 1132 3683 etiam
1141 3599 1283 3701 tentasse

267 3734 321 3798 ait.
334 3733 419 3797 Nam
432 3747 465 3795 et
476 3732 536 3796 ista
546 3731 743 3797 litteratioris
754 3749 831 3798 sunt
842 3731 965 3815 saeculi,
977 3749 1011 3798 et
1022 3731 1164 3821 quodex
1176 3733 1283 3798 Taciti

266 3848 403 3916 historia
421 3846 555 3938 Moysen
574 3863 745 3940 repetunt,
761 3870 875 3918 vereor
893 3870 935 3916 ne
952 3849 995 3916 sit
1010 3847 1155 3916 hominis
1168 3847 1281 3916 Chris-
