2930 4660
296 346 356 414 152
506 347 549 412 H.
571 345 636 410 ET
656 347 691 409 C.
715 341 1075 410 VALESIORUM

291 468 392 526 Rufini
407 467 563 548 imperium
577 469 739 528 affectantia
753 469 911 539 babeattn,
925 487 995 526 enm
1009 463 1085 528 tacu
1096 462 1295 544 conjuratione

225 601 231 614 ι
290 564 442 637 ἱηῑσῆοἰῑ,
456 565 487 624 in
500 565 562 626 bac
576 566 664 624 verba
677 583 852 644 erumpens:

469 733 701 747 ..........
718 699 832 764 patiarne
843 697 928 746 andire
939 697 1032 746 satelles

467 777 519 839 Qui
528 777 594 842 leges
602 777 657 824 aliis
664 809 673 834 ,
682 776 873 842 libertatemque
884 776 992 824 reduxi?

292 897 362 952 llaec
381 895 625 953 mea'observatio
645 908 722 954 notae
744 896 866 955 modurn
885 895 1020 964 excessit,
1036 893 1104 972 quia
1124 911 1186 950 rem
1204 889 1297 948 fusius

291 989 429 1066 explicari
442 1002 472 1047 et
484 990 626 1049 rationem
646 991 856 1051 emendationis
874 991 958 1050 reddi
976 989 1168 1068 opportebat:
1184 987 1235 1045 sed
1249 1007 1297 1045 me

293 1105 389 1165 operae
404 1106 476 1144 meae
492 1105 553 1145 non
575 1086 699 1166 pigebit,
711 1089 735 1146 si
748 1089 802 1166 (ut
822 1089 954 1148 futurum
968 1087 1073 1166 spero)
1086 1106 1181 1145 meam
1195 1104 1299 1144 emen·

291 1182 440 1240 dationem
452 1181 545 1240 lector
559 1195 604 1240 est
614 1183 799 1262 probaturus.
814 1186 851 1242 Η.

290 1335 320 1377 v.
333 1317 405 1400 149.
415 1314 520 1378 Anxia
527 1314 827 1403 precipitivenisset
832 1315 967 1404 epistola
973 1313 1079 1420 penui
1086 1310 1297 1400 (relpiuna).]

332 1451 392 1510 Ubi
413 1463 497 1509 retus
517 1452 685 1530 interpres:
707 1454 731 1510 si
753 1453 879 1512 victoriae
901 1452 1128 1520 nuntiabantur,
1146 1449 1246 1508 laurus
1266 1447 1298 1506 in
1392 1483 1394 1487 ν

292 1545 415 1624 epistola
434 1549 558 1604 Romam
576 1547 614 1605 ad
632 1561 764 1605 senatum
783 1549 870 1606 missa
889 1547 1048 1626 figebatur3
1063 1547 1088 1603 si
1106 1555 1204 1603 autem
1226 1543 1299 1622 quid

292 1643 407 1700 adversi
417 1646 530 1718 ‚pinno
546 1644 698 1720 figebatur.
718 1645 825 1702 Statius
841 1645 873 1701 in
892 1645 944 1702 lib.
960 1647 987 1700 V
1000 1644 1160 1713 Silvarum,
1173 1641 1299 1699 carmine

293 1749 360 1817 quo·
368 1737 536 1796 Abascantii
548 1738 578 1796 in
590 1738 749 1796 Priscillam
762 1741 917 1817 conjugem
930 1739 1067 1818 pietatem
1079 1738 1280 1809 commendat,

470 1875 562 1922 Omnia
580 1890 639 1921 uam
658 1874 726 1924 laetas
746 1875 797 1940 pila
813 1875 953 1924 attollentia
967 1875 1073 1946 'frondes
1085 1872 1170 1942 (leatus
1180 1870 1298 1938 frondes,

505 1955 532 2002 id
543 1965 593 2016 est,
602 1953 702 2021 lustros)

469 2033 594 2098 Nullaque
607 2032 701 2083 fumosi
714 2033 827 2100 signatur
838 2037 922 2085 lancea
932 2032 1024 2101 pund.

296 2158 363 2238 (Sic
377 2156 454 2218 euim
467 2157 534 2238 lego
548 2179 602 2237 pro
617 2160 791 2238 rnultaque).
805 2158 842 2218 Id
859 2171 917 2230 est,
931 2153 1063 2239 undique
1077 2157 1148 2217 boni
1161 2157 1257 2216 nuntii
1269 2175 1302 2216 ac

295 2257 383 2315 fausti
396 2256 433 2315 de
445 2256 605 2334 Domitiani
618 2255 746 2314 victoriis
758 2257 882 2314 Romam
895 2255 1048 2326 advolant,
1062 2268 1091 2314 et
1103 2255 1159 2334 ipsi
1174 2255 1205 2312 in
1218 2247 1303 2312 armis

295 2355 384 2411 etiam
407 2353 484 2424 suis,
501 2353 532 2411 in
546 2351 622 2431 -pilis
642 2352 721 2410 etin
740 2351 866 2424 lanceis,
885 2373 945 2410 non
967 2353 998 2409 in
1019 2352 1150 2432 epistolis
1171 2363 1303 2420 tantum,

295 2449 393 2508 lauros
403 2459 522 2526 gerunt,
532 2447 635 2524 pinnas
643 2467 795 2525 nunquam
804 2461 855 2506 aut
863 2469 1023 2528 nusquam,
1032 2450 1101 2528 quia
1108 2448 1182 2506 nibil
1192 2446 1303 2507 adversi

220 2621 222 2626 Ι
295 2565 334 2604 ex
345 2545 406 2603 ulla
421 2543 541 2623 Imperii
553 2544 675 2605 Romani
689 2544 837 2621 provincia
850 2547 1011 2604 nuntiatur.
1025 2547 1064 2604 Η.

297 2701 327 2742 v.
350 2673 424 2768 153.
448 2675 513 2740 Sed
526 2676 637 2763 periit,
650 2692 821 2764 postquam
834 2679 1015 2749 cerdonibus
1032 2701 1099 2744 esse
1112 2677 1275 2768 timendus

451 2773 597 2862 Coeperat
607 2771 692 2866 :thoe
707 2774 821 2838 nocuit
834 2772 1018 2840 Lamsorum
1033 2775 1118 2866 caede
1129 2772 1304 2862 madenti]

297 2904 335 2978 Id
347 2929 406 2988 est,
417 2916 504 2977 nimia
519 2935 616 2974 serum
627 2914 702 2974 heu!
716 2918 899 2976 Domitianus
912 2918 963 2977 sed
977 2917 1100 2998 dignum
1113 2918 1224 2978 exitum
1237 2916 1305 2976 fecit

298 3027 390 3086 tunc,
405 3011 475 3074 ciam
488 3014 569 3072 omni
582 3013 673 3072 ferme
687 3015 839 3074 nobilitate
852 3013 992 3074 exstincta
1001 3016 1142 3076 vilissimo
1155 3029 1185 3074 et
1195 3015 1306 3096 ignobi-

296 3111 411 3170 lissimo
425 3109 532 3188 cuique
547 3109 740 3168 formidabilis
753 3131 814 3170 esse
829 3123 971 3190 coeperat,
983 3131 1021 3171 ne
1033 3124 1063 3171 et
1075 3114 1105 3172 iu
1120 3131 1149 3171 se
1160 3121 1304 3173 exemeret

298 3208 628 3288 saevitiamsuam,ci1m
642 3205 756 3266 nobiles
770 3208 918 3279 deessent,
932 3229 1061 3286 quorum
1071 3209 1216 3288 supplicio
1227 3209 1305 3267 satia-

296 3317 387 3380 retur.
403 3307 466 3360 Hoc
480 3307 509 3361 ei
520 3305 618 3360 nocuit
630 3303 758 3380 (senrica
772 3317 801 3363 et
814 3304 936 3364 mordax
949 3298 1165 3377 ruarlsaurebid
1177 3317 1233 3377 est,
1244 3305 1304 3364 haec

298 3399 326 3458 ei
339 3419 418 3458 mors
430 3399 532 3458 nocuit
542 3411 571 3458 et
581 3400 702 3478 contigit
715 3399 845 3459 madenti
858 3401 936 3460 caede
947 3403 1113 3461 Lamiarum
1123 3402 1304 3480 aliorumque

297 3495 444 3554 nobilium
456 3507 485 3554 et
496 3497 701 3574 patriciorum,
713 3495 782 3556 ciam
794 3516 843 3556 eas
856 3498 949 3558 caedes
960 3511 1136 3558 antevertere
1148 3482 1303 3558 debuisset'.

297 3595 336 3652 Et
346 3591 448 3671 paullo
463 3605 530 3652 aute
545 3590 614 3651 ciam
628 3593 688 3652 ait:
1280 3587 1290 3598 “

477 3761 483 3775 .
503 3762 509 3775 .
553 3761 685 3776 ......
699 3729 776 3780 claras
790 3731 1000 3796 quibuauhuulit
1008 3733 1072 3784 Urbi
1174 3772 1175 3778 ,

455 3858 457 3862 ,
475 3805 636 3871 illustresque
649 3808 743 3858 animas
753 3808 850 3875 impune
859 3823 884 3860 et
895 3810 995 3861 deice
1006 3811 1091 3870 nullo.⁸

295 3925 333 3986 ld
353 3899 502 4000 est,cim1
525 3925 627 3988 nullus
646 3928 762 3990 Vindex
783 3943 875 4004 esset,
893 3932 964 4010 qui,
982 3944 1017 3992 nt
1038 3932 1089 3992 ille
1108 3931 1249 4004 Neronis,
1265 3933 1302 3992 sio
