2924 4662
359 401 418 480 IN
440 401 610 476 Jovurt.
641 401 930 475 SATIRAMX.
1066 405 1140 476 81ι

149 539 218 616 qnia
231 525 325 595 omnis
342 535 394 613 qui
408 556 479 594 cuna
498 532 691 594 sollicitudine
711 533 828 602 recitat,
841 545 957 591 necesse
977 541 1072 590 estut
1091 531 1144 604 ale

149 635 213 713 ejus
226 632 340 690 sudent·
354 631 402 690 stc
415 631 570 690 Horatius.

327 780 521 796 ........
539 745 614 795 sudor
625 744 676 793 rd
668 760 740 794 imos·

261 893 263 897 Ι
324 821 457 875 Μιιιιιιιι
465 823 532 876 iilos.

191 934 309 1006 V..179
302 925 472 986 .Salamine
485 932 605 998 relicta]
623 923 697 984 Cium
708 927 802 984 victus
815 947 832 984 a
845 925 953 994 Graecis
966 925 1049 1002 fugit.

190 1029 226 1084 V.
243 1026 307 1083 18ο.
327 1013 364 1081 Ῐιι
385 1015 487 1083 Coriuic
505 1038 594 1099 atque
611 1025 755 1079 Eurums.
774 1042 797 1080 s.
807 1023 858 1097 fl]
872 1021 990 1082 Solebat
1003 1017 1151 1086 verberare

151 1121 245 1178 ssatus.
262 1121 309 1178 Sic
321 1140 390 1178 nam
403 1120 517 1197 fingunt
530 1119 623 1176 Graeci
637 1122 740 1196 poetae.

165 1219 227 1273 V.
241 1217 304 1273 18ι.
318 1216 417 1290 Ῑρειιηι
431 1215 632 1290 cornpedabus]
644 1207 765 1272 Dicebat
776 1231 843 1272 nam
854 1211 965 1271 Xerxes
975 1227 1069 1290 usquc
1079 1211 1152 1272 adeo

152 1311 254 1368 vicisse
269 1329 298 1367 sc
311 1308 452 1388 procellas
466 1305 663 1388 Hellesponti,
675 1319 709 1366 ut
719 1319 821 1367 ventos
833 1301 927 1389 flagris
940 1317 1152 1402 compesceret,

154 1417 184 1465 et
196 1406 294 1484 ipsum
304 1399 474 1483 Neptunum
488 1403 679 1482 compedibus
692 1404 822 1462 vinciret.

194 1503 230 1559 V.
250 1501 313 1558 183.
326 1503 426 1557 Mitius
440 1502 474 1556 id
483 1515 563 1558 sane.
567 1507 576 1572 ]
589 1498 705 1563 ironia:
722 1501 792 1578 quia
804 1504 864 1559 ιιοιι
876 1499 980 1560 cecidit
987 1543 999 1572 ,
1008 1521 1046 1560 ne
1057 1520 1154 1560 macu·

155 1595 215 1656 lam
228 1595 365 1653 inferrent
376 1595 440 1672 (ra)
450 1608 526 1653 notae
539 1595 721 1653 secundum'
708 1615 769 1674 Jus.

193 1689 268 1748 Ibid.
282 1691 442 1765 Stigmata]
456 1690 531 1762 Quia
546 1704 606 1748 non
619 1691 676 1747 hoc
689 1683 807 1748 inscribi
816 1690 911 1770 jussit.

193 1791 230 1846 V.
250 1787 313 1855 18].
327 1787 403 1842 Huic
413 1788 564 1862 qvc'squam
575 1785 666 1844 vellet
675 1788 776 1842 servcie
785 1791 935 1858 Deorum]
949 1785 1025 1860 Quia
1036 1779 1155 1864 pontem

152 1884 227 1942 nari
239 1883 442 1960 superposuit,
455 1883 600 1940 finxerunt
618 1882 662 1940 ilii
681 1883 800 1940 servisse
810 1885 1001 1960 Neptunum·
1013 1883 1158 1959 quemad

153 1977 278 2038 modum
299 1975 490 2035 Laomedonti
511 1977 573 2054 regi
593 1977 735 2054 Phrygiae.
754 1977 808 2035 Vel
831 1991 949 2056 propter
970 1977 1160 2056 Apollinem

154 2074 225 2152 qnia
238 2072 352 2130 servivit
365 2070 501 2129 Admeto.

195 2171 231 2224 V.
252 2166 315 2223 185.
329 2167 389 2222 Sed
400 2167 495 2239 qualis
507 2166 612 2233 mdia]
625 2165 831 2240 interrogative
843 2163 1105 2240 pronunciandum.

195 2263 232 2319 V.
250 2263 314 2319 188.
327 2262 377 2320 Da
392 2261 517 2334 parium
527 2259 618 2328 vitm]
631 2257 780 2315 Prolixum
794 2265 910 2335 ternpus
921 2260 997 2316 vitae.

197 2360 235 2415 V.
258 2357 323 2432 189.
346 2359 407 2412 Hoc
424 2367 499 2412 recto
519 2357 622 2428 νιιΙιιι]
643 2356 756 2424 Letoa,
769 2366 799 2411 ct
817 2354 922 2427 tristis,
936 2355 1025 2414 vitam
1042 2355 1159 2435 longam

157 2465 249 2513 0888.
294 2475 298 2484 ’

177 2472 249 2605 pV.
265 2557 328 2624 194.
351 2550 460 2621 Quales
480 2545 676 2617 umbriferae]
696 2546 808 2622 Opacas
830 2544 914 2604 silvas
930 2565 994 2604 csse
1014 2547 1045 2606 in
1064 2547 1162 2610 Africa

158 2647 245 2724 po'etn
256 2642 365 2713 dicit,
356 2661 392 2710 ιιιΙ
402 2641 519 2719 regione
532 2640 712 2712 Tabracena,
724 2642 755 2698 in
768 2640 876 2718 quibus
889 2642 979 2702 sinriae
989 2653 1159 2702 nasctmtur.

197 2744 235 2801 V.
252 2741 316 2816 196.
332 2742 411 2796 Plur.
427 2743 512 2812 aaut]
526 2737 584 2808 Qui
599 2737 725 2794 discerni
737 2737 848 2813 possint
861 2737 936 2796 inter
949 2757 988 2796 se.
1068 2763 1071 2770 ·

198 2839 236 2892 V.
250 2835 315 2909 198.
328 2835 393 2888 Una
401 2832 620 2905 seaumfecies.]
630 2823 664 2888 id
675 2841 735 2901 est,
748 2829 901 2890 dissir'riiles
911 2841 940 2890 et
952 2829 1052 2890 inuitae
1060 2832 1160 2913 figuras

156 2939 225 2989 sunt
233 2930 390 3006 juvenum
402 2939 432 2986 et
446 2939 491 2986 est
505 2926 664 3005 uuicuique
685 2943 737 2986 sua
752 2928 929 3004 gnusuna:
944 2928 1160 3011 quodquidam
1211 2937 1217 2946 '

159 3023 284 3104 pulcher
300 3033 361 3092 est,
376 3022 449 3080 alter
467 3023 570 3094 sortis,
587 3023 661 3081 alter
683 3023 844 3103 eioquens.
864 3022 981 3084 senibus
1002 3026 1081 3088 enini
1102 3011 1162 3087 itm

158 3141 221 3182 esse
235 3119 351 3178 videtur
365 3119 465 3177 forma.

197 3221 236 3277 V.
254 3235 319 3292 199.
311 3215 502 3290 Madcdrque
511 3216 637 3290 ansam
648 3218 734 3287 nasi]
748 3217 792 3274 Ita
802 3233 869 3274 narn
880 3216 997 3278 senibus
1006 3215 1115 3279 bomar
1126 3216 1163 3276 de
1199 3256 1203 3261 -

158 3335 251 3389 naso,
263 3325 298 3370 ut
311 3311 470 3371 infantibus
482 3311 598 3388 pendet

166 3433 170 3446 ¹
198 3413 237 3470 V.
256 3428 323 3466 noo.
341 3408 528 3484 Frangendus
548 3409 650 3464 misac
667 3428 695 3483 g.
708 3427 745 3486 p.
763 3411 794 3480 ιζ]
815 3409 983 3470 Notandum
1000 3407 1162 3468 masculino

158 3523 266 3584 genere
286 3502 408 3572 dixisse,
420 3507 454 3560 ut
473 3501 520 3558 hic
536 3501 673 3582 gingiva:
691 3505 759 3580 quic
778 3503 879 3564 dentes
898 3514 1035 3575 ruerunt,
1049 3505 1165 3590 gingiva

160 3601 245 3678 panis
256 3596 430 3675 frangendus
441 3609 494 3654 est.

166 3725 169 3732 ²
200 3701 237 3755 V.
253 3713 319 3752 202.
334 3694 465 3750 Fastide'a
484 3694 589 3762 Cosso-1
603 3691 793 3770 Heredipetae.

203 3795 239 3850 V.
255 3792 321 3850 203.
336 3793 404 3848 Non
417 3790 520 3844 eadem
533 3795 574 3858 aa]
587 3788 693 3847 Nullus
706 3787 750 3845 ilii
764 3805 848 3868 sapor
860 3805 911 3853 cst.

203 3887 240 3946 V.
252 3895 319 3958 204.
333 3888 412 3945 Nam
425 3893 513 3940 cottus
519 3884 547 3956 j.
560 3886 580 3940 l.
596 3889 636 3954 o.]
649 3887 690 3942 Ut
701 3884 856 3964 Virgilius:

337 3963 723 4058 ungaminvmeienssuor.
823 4019 827 4028 »
910 4059 912 4064 ,
1013 4029 1020 4037 .
