2924 4662
393 319 448 421 ιιι
469 351 639 420 toran.
664 309 887 418 sarman
910 349 1018 414 vur.
1136 364 1200 430 297

195 473 351 556 Virginius
363 473 460 535 nutem
473 497 551 535 unus
564 477 601 534 de
615 475 788 555 conjuratis,
800 453 852 552 qui
864 475 1008 532 Neronem
1021 467 1199 528 oeciderunt.

242 585 279 639 V.
294 581 360 639 225.
377 584 530 658 Graciaeque
543 585 662 658 apium]
676 581 751 652 Quia
767 579 846 658 apud
859 577 996 636 Isthmios
1012 593 1130 652 agones,
1142 572 1203 630 vic-

204 689 281 735 tores
293 677 359 754 apio
373 681 652 739 coronautm.'Nero
671 687 770 734 autem
787 673 942 732 Isthmiaco
960 669 1113 728 certamine
1130 668 1205 724 inter

205 770 377 840 citharoedos
390 785 517 846 certans,
531 774 597 851 apio
610 773 655 830 uti
667 791 733 830 mos
745 781 822 840 erat,
835 779 990 828 coronatam
1002 776 1053 823 est.

244 880 279 934 V.
295 879 361 942 aad.
370 879 514 935 Habeant
524 880 647 952 insignia
659 879 760 945 nocie]
772 875 846 932 Voci
858 871 986 931 missario
992 873 1015 926 *-

243 984 279 1039 V.
295 989 453 1056 asp-Ante
463 984 560 1057 pedes
572 983 701 1050 Domita]
711 978 780 1037 ¹Alii
797 978 960 1036 Domitium
979 985 1139 1034 senatorem
1151 990 1206 1030 vo-

204 1076 287 1150 lunt,
301 1079 354 1155 qui
366 1098 383 1134 a
394 1081 512 1135 Nerone
526 1088 643 1133 coactus
656 1087 699 1132 est
710 1075 835 1131 mimum
847 1093 938 1151 agere.

128 1243 133 1250 ,
216 1213 218 1221 ι
241 1184 360 1240 Vraass.
387 1184 511 1256 Syma]
525 1182 619 1239 Vestis
629 1180 735 1258 tragica
748 1191 799 1236 est.
810 1169 976 1236 Hasautem
987 1192 1122 1255 personas
1130 1173 1206 1231 Nero

203 1276 327 1336 saltavit.
341 1275 526 1352 Menalippus
537 1287 596 1345 est,
607 1275 659 1352 qui
670 1273 803 1351 Tydeum
817 1273 933 1331 oceidit.

243 1382 281 1435 V.
298 1375 365 1454 ιιι).
382 1382 420 1434 Et
432 1381 469 1434 de
486 1398 646 1434 mannoreo
668 1399 691 1434 c.
712 1399 735 1434 s.
754 1381 881 1449 colossos]
902 1376 1070 1444 Colossum,
1083 1385 1207 1431 statuam

205 1473 284 1534 ultra
304 1493 489 1532 mensuram:
505 1474 647 1552 suspende
663 1485 764 1558 statuae
782 1473 937 1546 citharam,
950 1491 1011 1532 non
1024 1470 1206 1550 trophaeum:

205 1573 241 1627 ut
255 1573 332 1627 Nero
346 1570 464 1628 scilicet.

244 1669 280 1722 V.
296 1667 362 1734 233.
382 1669 420 1722 Ut
429 1671 633 1724 Braccntorom
646 1671 757 1744 pueri]
778 1667 876 1726 Gallos
896 1665 1052 1745 significat,
1067 1676 1096 1722 et
1110 1665 1207 1733 deest,

204 1773 329 1823 teneant.
349 1761 516 1840 Allobrogas
537 1763 614 1822 Galli
634 1775 710 1836 sunt.
730 1764 802 1822 Ideo
822 1774 920 1820 autem
940 1762 1011 1820 dicti
1023 1760 1207 1838 Allobroga,

193 1851 344 1936 ‘quoniam
359 1860 454 1934 brogae
471 1857 548 1916 Galli
566 1879 667 1938 agrum
685 1860 805 1930 dicunt,
820 1864 882 1915 alla
901 1870 1014 1929 autem,
1028 1857 1118 1915 aliud.
1131 1849 1209 1914 Dioti

202 1954 309 2031 igitur,
322 1955 390 2030 quia
402 1973 439 2011 ex
448 1954 506 2013 alio
520 1953 586 2013 loco
602 1956 715 2012 fuerant
729 1954 864 2012 translati.

244 2061 280 2114 V.
296 2057 362 2125 232..
382 2059 491 2112 Tunica
497 2059 606 2132 punire
620 2061 760 2126 moleste]
775 2059 869 2115 Vestis
882 2077 918 2115 ex
932 2057 1029 2114 charta
1041 2057 1131 2125 facto,
1143 2056 1208 2133 pice

206 2151 307 2220 inlita,
319 2151 351 2207 in
362 2171 419 2227 qua
430 2151 546 2228 ignibus
559 2171 652 2228 poenae
665 2151 774 2209 addicti
789 2151 890 2209 ardere
902 2151 1004 2208 solent.
1017 2155 1094 2221 Aut,
1105 2152 1129 2207 si
1142 2152 1210 2208 estis
1250 2149 1252 2152 ’

208 2246 240 2304 id
253 2246 366 2314 conati,
379 2246 461 2322 quod
474 2243 529 2302 hoc
541 2258 626 2323 pacto
638 2246 726 2304 debet
736 2245 843 2322 puniri.

248 2354 284 2407 V.
304 2351 370 2408 238.
389 2353 428 2406 Et
444 2353 475 2406 in
490 2353 572 2406 omni
584 2355 697 2421 monte]
719 2350 795 2422 Quia
814 2350 845 2408 in
863 2349 1013 2409 montibus
1032 2349 1148 2408 condita
1168 2362 1211 2408 eet

207 2451 311 2506 Roma.
332 2447 450 2524 Legitur
471 2458 500 2504 et
518 2446 674 2523 pontibus,
692 2455 812 2525 propter
831 2447 991 2518 Molvium‚
1008 2447 1060 2505 ubi
1079 2446 1208 2506 Catilinas

207 2543 367 2624 conjurati,
380 2556 409 2600 et
420 2542 594 2620 Allobroges
611 2536 782 2621 deprehensi
795 2557 871 2601 sunt.

244 2654 280 2707 V.
291 2657 358 2717 nlo
367 2649 722 2726 NonLeueade]Propter
730 2651 891 2706 Automum
900 2661 930 2708 et
939 2649 1130 2728 Cleopatram
1139 2651 1209 2730 quia

205 2744 286 2804 bello
299 2743 393 2802 navali
410 2743 465 2802 sub
483 2743 617 2804 leucade
636 2745 835 2821 promontorio
853 2746 950 2825 Epiri,
963 2745 1069 2804 devicti
1086 2759 1155 2804 sunt
1171 2747 1208 2804 ob

206 2846 349 2920 Angusto.

185 2999 199 3007 s.
247 2951 365 3016 V.241
384 2949 553 3006 Thessaliae.
558 2950 689 3024 carnote]
704 2949 750 3006 lbi
770 2965 838 3006 nam
856 2949 894 3006 ab
911 2950 1043 3028 Augusto
1056 2949 1125 3008 victi
1141 2915 1208 3008 saint

206 3044 313 3100 Brutus
326 3055 356 3100 et
369 3045 498 3114 Cassius,
513 3055 543 3102 et
554 3045 710 3122 Pompeius
724 3063 741 3100 a
757 3047 875 3102 Caesare.

230 3150 282 3204 ·V.
302 3150 368 3217 243.
384 3152 477 3206 Roma
487 3171 524 3224 p.
535 3171 571 3225 p.
592 3153 622 3207 C.
639 3153 729 3208 libem
743 3153 842 3222 dmm]
851 3154 926 3208 Non
921 3169 986 3226 per
995 3145 1206 3218 adulationem,

207 3254 242 3299 ut
256 3246 432 3320 Augustum.
446 3247 513 3302 Hoo'
529 3264 597 3304 nam
616 3245 716 3303 differt
729 3246 771 3304 eb-
782 3249 916 3324 Augusto
934 3247 1052 3316 Cicero,
1069 3247 1138 3323 quia
1152 3245 1207 3302 alie

206 3351 334 3396 armatus
341 3339 365 3410 *‚
379 3337 435 3396 alia
453 3351 571 3416 pacatus
588 3339 750 3410 defenderit
769 3341 932 3402 libertatem
948 3353 977 3398 et
992 3342 1154 3399 civitatem:
1174 3353 1208 3398 ιιι

202 3435 386 3493 Lueretiuss‘
1126 3439 1140 3461 ³

385 3549 500 3564 .....
519 3518 626 3566 Romani
636 3519 755 3570 maximos
766 3531 851 3570 anoton
862 3544 865 3556 =

383 3598 479 3648 Tullius
487 3598 594 3670 ebquib
604 3601 673 3670 cujus
684 3600 730 3652 sub
740 3600 795 3664 jure
806 3611 900 3666 togato,
913 3612 957 3649 eto.

247 3721 284 3777 V.
292 3717 363 3788 'ald
373 3721 525 3795 Nodoeap.
533 3720 663 3796 hfiang.
674 3739 704 3777 v.
717 3723 826 3791 vitem]
834 3721 1035 3780 Acenturione
1043 3722 1207 3802 vapulando

207 3833 262 3878 suo
273 3816 380 3873 vertice
395 3815 664 3894 frangipatiebatsu
676 3817 785 3875 Marius
795 3817 902 3888 ritem,
916 3816 984 3877 oiim
995 3818 1109 3877 militat.
1199 3853 1202 3860 ·

247 3924 284 3979 V.
306 3919 379 3981 250..
396 3922 490 3997 Aeque
512 3923 598 3993 alen]
618 3922 728 3994 Mario,
746 3922 857 4002 inquit,
875 3923 1043 3983 debellante
1059 3925 1206 3997 Cimbros,
