2818 4654
521 337 737 420 virm*
774 287 804 416 ἶ
847 391 868 400 ·-
1086 355 1103 419 s

15 463 23 522 ’.
101 470 184 549 quod
204 472 379 551 neutiquam
399 475 572 550 ferisset‚si
591 490 662 538 tune
685 479 825 558 temporis
844 478 978 554 vixissem
992 489 1022 538 et
1043 476 1113 538 tlibi

98 566 258 628 deoessisse
272 571 452 648 apertissime
466 571 572 632 docet:

241 683 306 736 cun
320 687 372 752 jam
385 689 559 738 eemirnimnm
571 689 689 738 lreererst
700 689 799 740 mane·
813 688 901 750 orbem

242 766 367 831 Ultimus,
378 777 405 816 et
416 769 493 820 ostro
504 769 608 820 serviret
620 772 700 819 Romu
712 769 815 820 Neroni.

99 863 129 909 et
144 849 239 912 tlibi:

245 973 664 994 .................
681 945 729 998 sed
743 944 804 996 olim

244 1022 361 1087 Prodiqio
373 1038 420 1088 per
433 1034 472 1072 est
482 1024 512 1072 in
523 1023 656 1074 nobilitete
670 1035 802 1074 senectus:
890 1077 894 1086 ,

244 1102 317 1150 Unde
330 1101 376 1164 lit,
388 1113 417 1152 ut
431 1104 515 1152 malim
528 1103 678 1152 fraterculus
690 1120 742 1152 esse
756 1099 899 1168 Gigsutdm.

102 1203 218 1276 Quibus
233 1204 383 1279 omnibus,
398 1205 466 1264 setis
478 1218 592 1270 constet
606 1218 674 1284 post
686 1218 812 1264 mortem
824 1205 985 1267 Domitiani
995 1208 1112 1283 potitam

103 1301 259 1378 scripsisse.
275 1299 340 1373 Qud
357 1321 426 1360 vero
445 1314 546 1374 aetate,
564 1322 660 1380 quove
681 1301 748 1360 loco
767 1313 901 1360 mortuus
921 1301 1026 1374 fuerit,
1040 1298 1113 1361 sirm

84 1411 93 1432 ·
105 1397 178 1454 certi
190 1395 262 1456 nihil
278 1395 435 1468 habeatur,
448 1397 512 1456 eliis
527 1397 736 1476 inquirendum
754 1397 957 1476 relinquimus.
972 1399 1033 1454 Nec
1047 1397 1113 1454 eliis

104 1491 293 1564 assentimur,
307 1493 361 1572 qui
376 1512 474 1552 eurum
487 1492 589 1552 Paride
602 1493 743 1554 histrione
759 1505 788 1552 et
802 1491 935 1552 delitiolo
950 1491 1112 1551 Domitiani

102 1587 135 1648 in
148 1587 267 1646 exilium
281 1599 379 1648 sctum
392 1589 481 1648 tuisse
495 1601 667 1661 autumant,
681 1602 711 1648 et
722 1588 765 1648 ibi
777 1600 951 1662 mortuum,
964 1589 1061 1668 deque
1074 1607 1110 1648 eo

104 1683 279 1744 intellexisse
293 1685 447 1746 Sidonium
461 1686 678 1764 Apollinarem,
692 1687 763 1744 oiim
775 1686 837 1744 eit:

236 1835 242 1848 .
315 1803 383 1859 Nee,
397 1802 442 1867 qui
455 1801 581 1862 consimili
595 1802 685 1852 deiude
700 1813 775 1863 omn,

315 1881 357 1930 Ad
368 1881 439 1946 vulgi
452 1892 552 1932 munem
565 1882 700 1948 strepentis
711 1897 815 1942 summ,

315 1959 376 2008 lrsti
389 1959 440 2008 tuit
451 1959 583 2010 histrionis
596 1961 666 2010 exul.

103 2063 207 2138 Neque
222 2061 301 2119 enim
313 2055 374 2120 fieri
387 2063 500 2140 potuit,
513 2076 548 2120 ut
559 2083 577 2121 a
591 2063 692 2122 Paride
705 2063 846 2122 histrione
861 2074 891 2122 et
904 2061 1037 2120 delitiolo
1048 2063 1112 2120 Do-

102 2143 218 2214 mitiani
229 2156 260 2212 in
271 2155 393 2230 exilium
402 2157 510 2214 missus
520 2155 623 2227 inerit,
635 2156 706 2216 crim
718 2160 816 2216 satiras
830 2177 913 2228 suas,
925 2170 959 2214 nt
970 2156 1113 2228 diximus,

101 2249 255 2326 scripserit
274 2249 329 2306 sub
350 2241 535 2342 Trojano,.et
551 2251 630 2308 Paris
649 2250 738 2326 gretie
760 2263 791 2308 et
811 2253 982 2308 auctoritate
1002 2237 1116 2312 tantum

101 2343 231 2403 valuerit
239 2343 320 2424 apud
326 2344 543 2405 Domitianum:
554 2343 645 2414 unde,
653 2341 722 2402 ciem
729 2344 867 2405 Sidonius
875 2365 928 2402 uec
935 2345 1116 2418 Juvenalem,

104 2437 444 2537 oecalinmquemquum
451 2439 1115 2522 nominavit„dequovisaliointelligerepotuit.

520 2613 701 2636 mm

150 2746 270 2812 Praeter
290 2745 367 2828 has,
387 2768 465 2836 quas
488 2746 812 2812 commemoravimus
832 2745 913 2810 vites
932 2746 1112 2828 Iuvenalis,

109 2861 271 2926 nonnullae
287 2861 328 2926 ab
348 2860 417 2924 aliis
437 2859 604 2949 descriptus
624 2859 774 2950 luerunt,
792 2859 970 2950 presertim
984 2882 1003 2923 a
1018 2843 1114 2925 Petro

108 2975 250 3040 Crinito:
265 2990 298 3040 at
314 2975 376 3039 illas
392 2998 506 3064 parum
526 2997 545 3038 a
563 2975 681 3040 nostris
702 2973 877 3058 differunt,
892 2996 951 3040 nee
970 2975 1114 3064 alioquin

55 3098 58 3109 “
108 3089 264 3154 memorii
279 3088 386 3180 dignae
401 3105 487 3154 sunt.
502 3078 676 3168 Attamen,
690 3096 765 3152 cum
780 3087 863 3152 nihil
876 3103 947 3152 tum
963 3087 1052 3177 apud
1061 3112 1115 3154 ve·

107 3219 190 3268 teres
202 3203 341 3284 criticos,
354 3197 424 3268 t'um
435 3201 522 3292 apud
534 3203 727 3268 recentiores
733 3216 746 3283 ,'
752 3217 993 3270 controversum
1003 3205 1116 3293 magis,
1143 3275 1146 3280 ,

107 3333 162 3380 eut
179 3315 320 3380 dubium
335 3316 449 3396 fuerit,
463 3320 561 3404 quim
576 3316 641 3381 vita
658 3315 843 3396 luvenalis,
856 3314 898 3379 ed
913 3338 984 3380 eam
1003 3309 1129 3382 diluci·'

106 3427 269 3510 dandam,
285 3450 356 3517 quse
368 3429 458 3519 prior
474 3429 552 3493 huic
569 3429 705 3494 editioni
721 3428 867 3508 accessit,
881 3451 1017 3516 queque
1033 3430 1118 3493 anti·

107 3544 205 3631 quior
219 3557 316 3630 atque
331 3542 405 3608 ideo
418 3542 482 3608 fide
502 3542 634 3632 dignior
649 3539 788 3607 habetur
805 3539 890 3629 (vid.
915 3567 949 3634 p.
975 3544 1013 3632 1)
1027 3567 1041 3624 ς,
1054 3543 1126 3609 hoc'

106 3655 197 3736 loco,
216 3655 364 3720 salmasii
382 3671 416 3720 et
437 3655 599 3722 Dodwelli
623 3652 863 3722 observationes
886 3657 1025 3758 integ*
1044 3659 1118 3722 sub·

107 3769 287 3860 jungendas
302 3767 538 3858 judicavimus,
554 3795 573 3835 e
594 3771 713 3860 quibus
735 3785 873 3838 attenter
891 3771 1117 3854 consideretis,

109 3891 206 3972 prout
224 3884 259 3948 in
271 3906 314 3980 're
334 3883 440 3950 adhuc
458 3881 579 3951 incerta
596 3883 665 3953 fieri
682 3886 819 3974 poterit,
835 3881 997 3970 judicium
1014 3885 1129 3982 quod-‚A

110 4021 249 4088 cumque
264 3997 348 4067 ferre
360 3998 483 4065 licebit.
