2924 4662
380 430 437 496 IN
459 431 636 497 invnn.
660 403 963 500 5111111111.
1111 427 1173 510 245

151 551 296 630 vSuperbi
311 552 386 630 luit:¹
404 568 434 613 et
447 575 501 634 pro
514 555 594 614 illius
608 555 693 634 iuga,
707 556 795 614 Marti
809 565 1009 623 consecratus,
1024 551 1120 612 dictus
1133 565 1176 626 cst

134 638 138 672 ³
174 651 297 706 Martius
309 651 445 730 Campus.
459 673 462 680 ’

209 748 246 800 V.
265 745 330 803 133.
345 751 383 803 In
394 750 474 804 valle
488 749 620 821 Quirini]
634 745 682 834 ild
693 746 832 806 invidiam
845 746 935 817 dixit,
949 747 980 804 in
993 745 1077 802 valle.

208 845 244 898 V.
261 843 375 901 136.1n
389 857 456 901 acta
467 845 588 918 referri]
601 843 763 902 Annalibus
773 845 925 903 contineri.

207 941 244 992 V.
262 947 328 1006 141.
347 943 409 998 Nec
424 943 544 1016 prodest
564 943 659 1016 agili]
678 940 796 1000 steriles
814 940 952 998 mulieres
973 937 1176 996 februrntibus

169 1035 308 1112 Lupercis
322 1055 352 1093 sc
365 1035 543 1106 offerebant,
557 1047 587 1093 et
606 1035 697 1094 ferula
709 1035 944 1094 verberabantur.
957 1037 1020 1092 Hoc
1036 1032 1174 1103 bomine,

167 1129 219 1207 qui
232 1130 306 1188 infra
320 1136 451 1188 tectum*
463 1130 549 1188 multi
565 1131 682 1188 seminis
701 1130 793 1188 credit
810 1141 973 1187 contractus
987 1129 1026 1188 ob
1039 1127 1177 1186 secundi-

167 1237 256 1284 tatem
270 1226 395 1284 dandam
410 1247 417 1282 :
438 1226 548 1304 palmas
564 1224 632 1284 ideo
646 1226 734 1297 dicit,
750 1226 819 1304 quia
832 1238 883 1284 aut
894 1237 1026 1284 catomus
1036 1226 1079 1303 (7)
1094 1225 1176 1284 laeta-

167 1321 292 1391 bantur,
308 1334 359 1379 aut
371 1322 440 1399 quia
454 1323 590 1380 manibus
602 1321 740 1400 vapulant
758 1323 844 1380 cunei
862 1341 915 1398 per
931 1305 1075 1380 civitatein
1082 1363 1093 1392 ‚
1106 1334 1176 1380 tunc

167 1407 241 1476 etin
254 1416 328 1475 solio
340 1418 364 1474 si
378 1437 437 1494 qua
450 1430 517 1496 post
528 1418 627 1496 ipsum
641 1416 838 1489 descenderit,
852 1418 948 1479 statim
959 1417 1097 1495 concipit.

204 1523 246 1580 V.
271 1526 335 1592 143.
360 1526 495 1580 Tum'cati
504 1525 585 1598 susc.
611 1523 752 1594 Gracchi]
777 1523 836 1594 Qui
858 1535 924 1602 toga
949 1523 1096 1606 deposito,
1116 1543 1175 1602 qua
1249 1533 1252 1546 '

167 1619 326 1690 ¹utebantur
344 1631 503 1689 senatores,
515 1631 653 1696 tanquam
670 1619 792 1678 infames
806 1619 905 1678 tunica
919 1620 1085 1678 utebantur.
1101 1621 1175 1678 Hinc

169 1714 295 1785 lanistae,
309 1715 356 1773 vel
369 1715 503 1774 dissoluti
516 1714 664 1774 dicuntur.

206 1825 243 1878 V.
268 1829 332 1890 144.
358 1823 537 1892 Gladiator.]
561 1818 684 1878 Gracchi
706 1819 785 1877 filius
800 1819 907 1878 ¹babitu
928 1819 1094 1898 gladiatoris
1111 1819 1176 1900 plc-

166 1935 290 1998 rumque
301 1915 338 1974 ad
354 1917 522 1974 infamiam*
534 1915 659 1994 equabat
670 1959 679 1986 ,
691 1915 823 1974 retiarius
838 1916 916 1974 enim
932 1915 996 1974 luit.

143 2025 151 2040 ⁸
205 2025 241 2078 V.
258 2030 322 2094 147.
337 2023 386 2076 His
403 2025 594 2094 licerium]
607 2018 780 2090 Nobilibus,
791 2039 851 2078 non
860 2022 978 2079 Neroni.
988 2025 1062 2079 Nam
1074 2035 1103 2079 et
1113 2023 1175 2100 ipse

170 2116 308 2193 pugnavit
319 2116 350 2172 in
361 2114 565 2193 gladiatorem,
577 2126 606 2172 et
619 2115 744 2172 cantavit
757 2115 788 2172 in
802 2133 886 2172 scena
896 2115 998 2173 habitu
1008 2115 1173 2187 citbnroedi,

169 2223 198 2268 ct
211 2211 308 2288 auriga
323 2209 388 2266 luit.

209 2309 245 2361 V.
265 2313 329 2378 149.
344 2307 414 2361 Esse
425 2307 538 2379 aliquos
549 2309 671 2374 inanes]
688 2306 799 2374 Εκφωνή·
811 2306 872 2364 Cic.
884 2279 1085 2372 Proclamatio.

208 2403 243 2456 V.
264 2397 329 2455 150.
344 2401 383 2455 Et
386 2411 512 2473 pontum
526 2410 555 2454 et
564 2401 677 2474 stygio]
686 2393 848 2478 Virgilius:
868 2486 870 2493 y

347 2535 404 2597 Ipse
416 2540 491 2580 ratem
500 2541 580 2595 ponto
591 2530 682 2590 subiit,
692 2532 802 2596 velisque
813 2533 946 2582 ministrat.

345 2648 352 2661 .
374 2648 381 2660 .
402 2647 409 2662 .
432 2646 439 2660 .
457 2627 527 2660 nunc
536 2610 678 2670 nonnum
688 2613 780 2677 accipit
788 2611 854 2662 illos.

151 2807 154 2812 Ι
209 2737 246 2790 V.
266 2731 330 2790 152.
344 2734 412 2790 Nisi
418 2734 471 2808 qui
479 2715 606 2789 nondum
618 2749 677 2787 cere
689 2734 843 2803 [araneum]
855 2733 999 2804 Infantes,
1012 2735 1081 2812 quia
1090 2738 1175 2812 pueri

170 2836 230 2888 non
242 2830 313 2886 dant
322 2826 526 2886 balneaticum.

130 2989 132 2992 ,
209 2939 245 2993 V.
265 2935 330 2991 156.
349 2937 404 2991 Tot
415 2933 553 2990 bellorum
564 2933 860 3089 animoeffucanus,
873 2937 993 2992 illustres
1014 2937 1094 3008 bellis
1110 2956 1175 2992 aru-

170 3053 251 3103 mar,
267 3049 333 3109 quae
347 3032 378 3089 in
390 3030 469 3088 bello
483 3030 673 3133 occisaesunt.
956 3014 959 3021 ‘

209 3139 252 3216 V.¹
267 3138 331 3196 160.
348 3137 508 3207 lucerna]
522 3136 649 3194 Juberna
663 3137 758 3195 insula
770 3138 939 3208 Rritanniae,
952 3137 1006 3195 sita
1016 3137 1047 3196 in
1057 3141 1174 3198 Oceano

170 3233 260 3303 mari,
272 3253 290 3290 a
303 3252 360 3310 qua
376 3251 437 3290 non
452 3231 537 3310 longe
550 3229 618 3290 sunt
632 3227 748 3312 triginta
760 3233 824 3292 aliae
836 3233 962 3294 Orcades
973 3233 1089 3306 insutae,
1102 3251 1175 3314 quas

172 3327 252 3388 Mela
267 3329 375 3388 scribit.
452 3384 455 3391 ,
1000 3404 1003 3410 „
1078 3317 1081 3323 ¹

210 3428 245 3483 V.
263 3426 327 3483 161.
341 3427 466 3482 Mr‘nima
480 3437 552 3483 cont.
572 3446 601 3483 n.
616 3429 701 3498 Brit]
715 3427 796 3484 Circa
811 3426 968 3486 solstitium
985 3428 1016 3486 in
1031 3429 1176 3487 Biitcnnin

170 3541 263 3604 prope
278 3541 337 3580 nox
352 3521 433 3603 nulla
447 3533 509 3593 est,
525 3522 578 3580 hac
600 3523 709 3580 scilicet
728 3538 830 3594 caum,
845 3524 914 3602 quia
926 3524 1040 3582 vicinus
1056 3542 1175 3583 occasus

171 3621 202 3677 c't
215 3629 297 3676 ortus
310 3616 420 3694 ibidem
433 3617 511 3676 solis.
529 3619 573 3676 Er
590 3617 713 3695 obliquo
730 3618 807 3676 enim
824 3630 908 3676 terrae
924 3620 1052 3697 margine
1065 3619 1118 3678 lux
1129 3639 1176 3680 re-

170 3714 301 3785 dundat,
315 3726 345 3774 et
357 3715 518 3793 proximam
532 3714 587 3772 sibi
599 3713 725 3773 insulam
738 3725 768 3772 ct
779 3715 917 3774 noctibus
932 3726 963 3773 et
974 3714 1175 3776 diebusillns-
1269 3739 1271 3746 ·

172 3823 248 3872 trem
258 3811 365 3871 redon.
764 3875 768 3886 ‚

98 3929 101 3934 ·
210 3909 246 3965 V.
264 3908 329 3982 169.
345 3907 493 3966 llb'toentur
504 3908 638 3977 braccoe.]
650 3905 854 3977 Dimittentur,
866 3910 1001 3980 ὰφιίμσις.

127 4047 131 4053 -
166 4025 169 4032 ·
210 4003 248 4062 V.
268 4021 332 4105 ¹2⁰⁸
346 3991 618 4082 Si'cproeeexratos.]
640 4001 676 4062 Id
697 4014 883 4076 rumores,
896 4019 973 4082 quos
992 3995 1181 4066 filiiuntc'

938 4121 1000 4185 ,17
