2922 4672
373 333 631 428 nonnam
655 360 987 428 Juvnnnunn.
1124 359 1186 443 139

174 479 278 543 lucum
295 485 520 555 Camenarum,
534 495 569 542 ut
589 483 721 546 solebant
733 483 834 564 vulgo.
848 484 923 562 llide
935 483 1143 546 Nunnimun
1156 493 1186 540 et

174 579 290 638 satiram
306 590 434 650 sextam,

352 693 417 744 Ciam
431 693 500 743 dedit
511 695 554 744 ills
566 695 669 755 locum,
680 695 794 761 cophino
806 695 924 760 fenoque
937 696 1038 756 relicto,

350 775 475 832 Arcenam
485 774 571 826 dudm
585 786 695 828 memus
708 775 833 832 mendicat
845 777 874 824 in
884 791 978 826 aurem.

175 877 234 938 Ubi
247 897 317 936 veno
331 889 375 940 est
388 877 470 962 quod
483 877 563 939 idem
576 879 710 940 Petsvius
722 877 798 940 adeo
809 890 937 940 veterem
949 877 1097 938 luvenalis
1106 875 1191 938 sitho-
1234 886 1237 898 '

174 972 287 1031 liastem
300 973 435 1045 irrideat,
449 971 518 1038 cinn
530 973 602 1032 dicit
612 973 687 1038 banc
701 993 763 1036 esse
775 973 988 1054 supellectilem
1000 973 1187 1044 ludaeorum,

174 1068 336 1147 cophinum
346 1080 376 1126 et
385 1068 513 1140 foenum,
524 1068 577 1127 ubi
585 1069 779 1147 pulmentaria
788 1089 840 1129 sua
849 1071 973 1150 (nempe
986 1071 1016 1127 in
1026 1069 1186 1148 cophino),

177 1177 206 1222 et
215 1185 323 1243 aquam
334 1164 458 1224 calidam
469 1165 517 1224 die
531 1165 644 1227 sabbati
654 1185 768 1230 servare
781 1178 1006 1237 consueverant3
1020 1165 1104 1244 quasi
1114 1184 1190 1244 aqua

175 1261 270 1319 calida
283 1261 314 1320 in
328 1274 479 1340 posterum
493 1261 572 1321 diem
585 1263 616 1320 in
631 1263 711 1326 sceno
725 1282 786 1321 non
801 1263 930 1342 potuerit
943 1262 1066 1332 servari,
1078 1274 1108 1320 et
1119 1259 1189 1320 ciam

177 1357 301 1427 salsum,
313 1370 377 1416 tum
388 1358 547 1424 ridiculum
558 1359 612 1424 sit?
619 1363 693 1421 Nam
705 1361 745 1419 sic
757 1373 787 1418 et
799 1360 879 1438 apud
888 1359 1059 1418 iuvenalem
1070 1371 1099 1416 et
1110 1357 1189 1438 apud

176 1454 338 1514 Martialem
358 1468 419 1512 tuta
430 1457 520 1530 soeno
543 1477 616 1529 ova,
631 1469 759 1536 tonoque
779 1458 906 1514 calentia
916 1445 1005 1532 smne
1023 1468 1190 1515 conservata

176 1551 327 1630 leguntur:
338 1552 381 1610 nil
392 1551 471 1612 enim
481 1572 580 1613 moror
592 1573 630 1613 an
641 1552 736 1612 Judaei
750 1553 877 1612 sabbatis
891 1551 985 1614 calida
998 1552 1190 1612 abstinuerint

176 1648 305 1726 potione.
321 1651 359 1706 H.
712 1717 713 1722 η
781 1684 787 1698 s
859 1667 873 1703 a

177 1786 208 1826 v.
229 1762 268 1827 61
274 1810 468 1828 ......
493 1765 650 1848 Quamvis
664 1780 764 1854 quota
775 1765 884 1856 portio
897 1764 982 1830 faecis
995 1762 1145 1828 Achaeae?

302 1860 319 1923 J
322 1859 502 1948 ampridem
516 1863 616 1950 Synus
628 1863 662 1925 in
676 1863 824 1927 Tiberim
837 1860 973 1927 defluxit
986 1861 1145 1926 Orontes:

303 1957 345 2024 Et
360 1960 504 2049 linguam
519 1975 553 2026 et
568 1981 693 2041 mores,
707 1959 790 2048 etc]

217 2082 265 2141 sic
281 2080 475 2162 interpungo:

354 2233 488 2248 ......
505 2199 627 2264 Quamvis
637 2210 714 2265 quote
726 2200 812 2264 portio
825 2199 894 2254 lascis
905 2199 1003 2249 Achaeae

353 2281 508 2346 iampridem
517 2283 593 2346 Syrus
605 2282 634 2329 in
646 2279 757 2328 Tiberim
767 2279 874 2328 defluxit
887 2281 1003 2328 Orontes.

178 2381 214 2444 Id
229 2393 289 2454 est,
304 2385 435 2462 quamvis
449 2384 516 2462 Sym*
528 2383 756 2456 Antiochenses,
771 2382 823 2462 qui
837 2401 925 2461 parva
938 2387 1108 2440 Graecorum
1125 2395 1194 2442 sunt

177 2481 274 2560 portio
282 2525 291 2554 ‚
300 2481 477 2562 iampridem
486 2487 612 2548 Romam
621 2482 735 2544 ciuibus
746 2493 776 2540 et
786 2481 863 2540 vitiis
874 2481 935 2540 suis
947 2480 1141 2560 impleverint.
1152 2483 1190 2540 Η.

177 2613 275 2693 udi.
303 2659 344 2780 .V.
367 2659 382 2726 ,ι
402 2659 445 2800 .].
470 2661 479 2680 .
504 2659 514 2680 .
532 2614 603 2680 Nee
618 2636 687 2680 nun
701 2615 838 2702 gentilia
853 2628 1006 2702 mipene
1018 2635 1133 2682 secum

335 2729 412 2778 ent.

217 2845 336 2906 Scilicet
348 2845 487 2904 mulieres
503 2845 622 2926 Syrissae
638 2847 731 2925 patria
749 2858 888 2924 tympana
903 2845 1059 2924 pulsabant
1074 2848 1192 2915 Romae3

178 2958 243 3020 quae
257 2961 361 3000 sorum
373 2941 473 3020 lingua
485 2938 743 3022 tupvecabantue:
756 2941 837 3008 unde
849 2943 958 3002 Graecis
967 2947 1080 3008 menes,
1089 2954 1119 3000 et
1129 2961 1194 2998 ver·

177 3037 250 3096 bum
263 3043 360 3095 τύπτω.
374 3039 560 3098 Crotalorum
575 3060 628 3100 seu
641 3039 889 3118 crepitaculorum
898 3039 1022 3099 studiosi
1036 3039 1118 3098 fuere
1129 3037 1194 3116 Syri

177 3147 207 3192 et
220 3134 383 3196 Orientalss
396 3153 516 3210 omnes;
529 3137 592 3202 sine
609 3137 729 3198 tibicine
747 3149 846 3198 auten
865 3148 896 3196 ct
911 3135 1029 3198 crotalis
1040 3155 1195 3214 uunquam

178 3230 238 3292 lere
250 3232 377 3290 tabernac
392 3246 483 3292 erant.
502 3238 535 3294 C.

177 3376 207 3418 v.
230 3377 303 3444 ¹⁰7·
327 3355 361 3420 Si
376 3352 461 3423 bene
474 3357 631 3438 ructavit,
644 3357 671 3422 si
685 3371 805 3422 rectum
818 3329 935 3423 mmm
948 3353 1109 3442 amicus]

215 3489 258 3543 Ex
271 3487 417 3544 veteribus
428 3487 581 3545 codicibus
591 3487 728 3546 emendat
740 3487 925 3558 Parrhasius,
938 3489 965 3543 si
973 3489 1080 3543 lectum
1090 3485 1199 3542 minuit

158 3641 161 3649 ,
179 3583 300 3640 ambus.
314 3585 421 3654 Recte,
432 3583 464 3640 id
478 3597 538 3653 est,
553 3585 691 3644 culcitam
706 3583 911 3656 niclinianem3
925 3583 1008 3662 quod
1019 3583 1107 3642 ebriis
1118 3602 1199 3662 saepe

178 3677 293 3740 accidit.
303 3681 442 3739 Homtius
453 3682 629 3743 Sermonum
641 3683 694 3740 lib.
706 3685 739 3751 1,
754 3683 923 3739 comminxit
937 3684 1145 3758 lccmmpotus.
1159 3683 1196 3738 C.

177 3825 208 3866 v.
230 3800 304 3868 108.
330 3803 364 3868 si
382 3803 483 3867 trulla
499 3804 616 3884 inverso
629 3803 788 3894 crepitum
805 3802 896 3874 dedit
909 3801 1160 3894 aureaswedot]

223 3928 360 3994 Cottabuc
373 3927 494 3996 scilicet.
514 3929 632 3994 Cenabi
648 3940 746 3988 autem
769 3931 846 3988 lusus
861 3927 990 3988 inventio
1004 3925 1119 4002 Sicula,
1134 3945 1195 4008 quc
