2924 4662
373 343 429 414 IN
452 343 624 412 IUVEN.
645 341 866 412 'SATIRAM
891 349 958 413 IX.
1111 352 1172 418 301

210 475 247 534 V.
263 471 311 545 37.
326 463 404 543 lm‘g
414 478 483 552 γὰρ.]
499 473 565 548 Ipse
578 467 614 529 ad
628 487 658 526 se
673 468 768 528 trahit.

209 571 246 626 V.
261 570 308 626 38.
325 569 414 641 Quod
425 579 523 624 tamen
536 569 613 622 ulter.
628 585 666 621 m.
680 586 708 640 q.
725 568 819 622 mollis
830 573 954 640 avarus]
969 567 1005 628 Id
1018 579 1079 639 est,
1093 568 1175 638 dives

173 672 291 734 avarus,
304 664 428 723 infamis.
439 661 595 741 Virgilius:

349 771 450 820 Tristius
458 769 525 818 haud
533 769 578 818 illo
589 779 740 828 monstrum,
749 786 795 818 nec
805 771 893 822 sevior
903 773 963 821 ulla.

215 871 250 925 V.
264 868 311 944 39.
326 869 399 922 Hoec
411 867 512 935 tribut]
529 867 565 922 In
577 864 634 922 alio
646 864 756 923 tulisti:
771 865 859 924 verba
871 849 976 926 divitis.

214 965 249 1020 V.
267 971 313 1030 4ο.
331 964 499 1036 Computat,
512 980 550 1017 ac
563 967 662 1030 ceree]
676 961 738 1018 Fiat
752 963 941 1041 computatio.
953 967 1057 1033 Ceret,
1069 965 1175 1024 crissatss

215 1062 250 1116 V.
266 1060 311 1127 43.
325 1057 493 1132 Arsacides]
508 1058 556 1114 An
569 1067 655 1134 putas
669 1055 752 1133 qubd
773 1069 803 1115 et
819 1059 851 1116 in
866 1060 1081 1138 corrumpendo
1095 1061 1178 1119 labor

178 1165 302 1212 nonest.
728 1151 729 1156 ’

215 1254 253 1306 V.
267 1257 314 1321 47.
327 1249 543 1325 Etpulchrum
556 1250 620 1305 Hoc
632 1260 692 1319 est,
705 1248 868 1326 Ganymedi
877 1261 907 1308 te
917 1269 1073 1328 comparas.

218 1346 255 1401 V.
270 1352 316 1419 49.
331 1346 456 1416 Cultam]
471 1343 506 1401 Id
520 1356 579 1414 est,
593 1344 674 1402 tenui
687 1343 804 1414 clienti,
820 1345 1068 1422 quemadmodum
1079 1358 1113 1404 tu
1123 1344 1179 1404 do⁴
1280 1369 1284 1383 ¹

178 1439 277 1511 nabis,
289 1441 341 1518 qui
353 1440 466 1499 libidini
477 1454 535 1500 tuae
549 1440 680 1500 conferre
694 1441 812 1500 dubitas
822 1443 846 1496 9·

172 1597 174 1600 ,
219 1540 255 1594 V.
272 1535 318 1592 50.
333 1539 444 1604 Inculta
453 1535 495 1614 (6)
510 1557 540 1594 v.
556 1557 583 1592 u.
595 1557 622 1594 c.
635 1541 751 1594 succina
765 1539 859 1594 tadeus
868 1540 1017 1612 grandia]
1030 1541 1180 1599 Gemma

182 1630 389 1690 dextrocheria.
781 1657 783 1662 ’

218 1732 253 1786 V.
268 1727 313 1784 51.
324 1733 385 1785 Aut
395 1731 547 1786 madidum
561 1748 616 1786 ver
627 1732 744 1806 inerint]
759 1728 967 1789 Matronalibus
981 1729 1104 1801 scilieet,
1115 1748 1182 1808 quae

179 1836 247 1882 sunt
258 1815 578 1903 Kalendis‘Aprilibus,
591 1826 699 1903 quibus
712 1838 756 1884 est
769 1826 871 1884 natalis
882 1827 1010 1884 Veneris.
1038 1811 1039 1816 ἵ

218 1924 254 1979 V.
270 1920 317 1978 52.
331 1925 371 1978 Et
381 1933 474 1978 strata
480 1943 517 1998 p.
532 1926 676 2000 longaque
691 1923 848 1994 cathedra]
862 1923 1056 1982 Cervicalibus
1067 1922 1179 1981 stratis:

185 2035 339 2074 scamnum.
347 2017 426 2074 dicit.
1173 2060 1178 2072 .

224 2116 260 2172 V.
283 2111 329 2168 53.
347 2115 473 2171 Munera
482 2117 624 2188 femineis
644 2128 662 2171 t.
682 2136 706 2172 s.
728 2117 880 2184 kaleudb]
901 2113 1040 2172 Kalendis
1057 2114 1183 2184 Martiis,

123 2259 125 2270 ,
184 2207 292 2285 quibus
305 2210 427 2266 lunonis
441 2229 519 2270 sacra
532 2211 715 2268 celebrantur
725 2230 742 2266 a
754 2209 890 2268 Romanis
902 2230 909 2264 ε
922 2210 991 2286 quia
1003 2220 1033 2267 et
1045 2220 1117 2290 tunc¹
1128 2208 1182 2265 Ilia

185 2319 346 2380 compressa
359 2317 402 2362 est
412 2327 428 2363 a
439 2309 539 2365 Marte.
552 2312 634 2365 Tunc
644 2326 711 2363 nam
722 2305 889 2363 matronalia
899 2317 975 2364 sunt.

222 2401 258 2456 V.
279 2398 325 2457 55.
344 2404 398 2457 Tot
406 2404 526 2473 milvos]
537 2402 609 2460 Vult
622 2401 771 2462 ostendere
783 2401 1012 2480 magnitudinem
1024 2399 1184 2479 possessiog·
1200 2439 1203 2446 ·

184 2514 257 2553 num
269 2500 368 2573 polita,
382 2494 471 2574 qudm
484 2496 550 2556 latae
563 2499 621 2556 sint
634 2499 727 2577 agris,
741 2510 776 2554 ut
790 2517 843 2555 nec
857 2498 938 2555 milvi
951 2497 1123 2556 transvolare
1136 2514 1184 2556 eas

184 2591 314 2670 possint:
327 2592 416 2651 lassos
430 2593 538 2672 igitur,
549 2594 581 2651 id
595 2607 655 2664 est,
667 2593 796 2652 volantes
809 2589 839 2650 in
853 2593 927 2672 agris
939 2594 1006 2650 tuis.

223 2691 260 2746 V.
275 2688 321 2762 57.
339 2691 563 2766 Summumque
570 2691 694 2765 jugeru]
713 2689 800 2762 Quod
812 2691 961 2750 immineat
973 2690 1088 2762 Cumis,
1099 2687 1184 2748 valde

184 2771 285 2844 altum.
372 2821 374 2826 ·

223 2880 299 2938 Ibid.
318 2885 356 2938 Et
374 2883 508 2952 Gaurum]
529 2883 643 2940 Gaurus
665 2872 1185 2958 mons‘Campaniae.1nanisautem‚

146 3023 148 3028 .
185 2993 272 3052 super
285 2974 442 3046 exhausto,
454 2987 505 3033 aut
517 2987 660 3034 transacto
671 2976 882 3038 vindemiarum
896 2961 1025 3054 tem'pore
1037 2997 1044 3032 :
1056 2989 1105 3034 aut
1118 2976 1188 3054 quia

186 3072 360 3150 vaporiferos
376 3092 480 3152 specus
495 3071 602 3131 habet:
618 3085 668 3131 aut
685 3072 789 3130 melius
809 3083 852 3130 est
874 3071 915 3129 sic
932 3071 1106 3151 intelligere,
1120 3074 1189 3152 quia

136 3204 139 3210 ·
188 3170 268 3226 omni
280 3171 382 3228 arbore
396 3168 574 3247 exspoliatus
587 3182 648 3241 est,
663 3182 692 3226 et
705 3170 772 3228 solis
785 3167 888 3226 vinetis
900 3180 989 3226 vacat.
1006 3203 1007 3206 =

225 3267 262 3320 V.
277 3263 325 3321 58.
343 3267 412 3320 Vict.
429 3267 486 3321 dol.
501 3272 615 3344 musto]
632 3265 761 3323 Multum
775 3264 923 3322 duraturo.
957 3314 961 3324 ,

228 3361 264 3414 V.
276 3359 321 3434 59.
331 3363 455 3420 Lembos
468 3363 535 3418 don.
549 3365 598 3431 cl]
608 3362 700 3439 Magis
710 3361 799 3430 debes
810 3360 855 3418 illi
863 3360 970 3418 donare
981 3362 1190 3438 possessionem

190 3550 290 3630 quiin
303 3571 371 3630 agro
386 3565 439 3611 tuo
453 3565 604 3612 natusest.

225 3652 261 3705 V.
276 3648 323 3706 62.
336 3651 477 3726 Cymbala
480 3651 626 3725 pulsantis
638 3647 721 3724 legat.
725 3649 756 3724 f
764 3654 805 3719 ca]
816 3647 975 3726 Archigalli
986 3649 1118 3727 cymbala
1130 3671 1191 3729 per·

187 3744 341 3804 cutientis:
355 3767 388 3804 ac
398 3767 451 3825 per
461 3745 517 3804 hoc
531 3743 635 3804 Gallo*
643 3747 753 3823 inquit,
766 3744 856 3803 dixit:
869 3744 996 3824 legetur,
1008 3746 1040 3803 id
1051 3759 1109 3818 est,
1120 3747 1194 3826 lega-

186 3841 259 3902 tario·
272 3840 439 3901 donabitur.
475 3851 500 3860 ''
586 3843 598 3859 ”
627 3847 634 3858 '
765 3855 767 3860 ’

145 4007 150 4018 Ι
225 3941 261 3998 V.
273 3938 321 3997 63.
333 3939 394 3998 Sed
398 3938 526 4015 pensan]
538 3936 713 4013 Tributom,
726 3951 777 4000 aut
788 3938 870 4017 quod
880 3936 1059 3998 conductum
1069 3941 1196 3997 maneat.
