2924 4662
392 393 447 460 IN
469 393 639 462 JUVEN.
664 393 889 459 SAT‘IRAM
912 391 986 459 111.
1122 385 1192 483 ’.ᾖ

196 567 199 574 ,
225 517 261 573 V.
275 515 340 592 137.
354 497 519 593 Qudmfait
526 517 648 594 hospes]
660 517 759 596 Scipio
769 517 887 588 Nasica,
898 536 987 594 quem
996 530 1114 596 propter
1120 537 1192 596 pro-

185 608 307 668 bitatem
322 611 390 670 ¹vitae
407 625 523 672 miratus
543 613 646 692 elegit,
660 626 694 672 ut
714 613 902 670 simulacrum
922 612 1021 670 matris
1038 611 1134 671 Dciun
1152 613 1195 672 de

130 711 132 716 ’
186 705 309 784 Phrygis
323 707 443 765 allatum
455 752 463 779 ,
477 708 558 767 domi
577 727 636 766 suae
656 707 879 778 asserendum
899 709 926 765 ei
946 707 1089 786 templum
1100 701 1192 768 fieret.

186 799 241 858 Hic
253 814 297 859 est
309 803 421 880 Scipio,
435 805 487 882 qui
500 805 643 886 oppressit
654 805 808 878 ⁸Tiberium
824 804 1006 874 Gracchum,
1019 803 1099 882 leges
1109 823 1192 884 agra-

184 897 242 955 rias
257 899 330 958 serre
344 913 506 960 conantem

224 999 260 1051 V.
277 997 345 1053 13&
358 999 412 1052 Vel
422 999 475 1072 qui
484 1001 625 1069 serravit]
640 1002 672 1056 L.
691 997 843 1056 Metellum
862 998 936 1055 dicit
945 997 1113 1076 pontificem
1129 1017 1191 1054 ma-

184 1092 311 1164 ximum,
323 1095 375 1171 qui
381 1094 500 1152 ardente
510 1095 621 1172 templo
629 1099 737 1164 Vestae,
747 1094 908 1173 palladium
918 1115 953 1152 ex
963 1095 1066 1152 mediis
1075 1091 1196 1172 ignibus

70 1179 90 1196 ⁶
183 1190 298 1266 rapuit,
310 1190 411 1267 ibique
426 1202 549 1248 caecatus
560 1201 612 1248 est.
623 1180 759 1248 Iste'ciim
773 1211 825 1269 per
835 1191 965 1248 Latinam
976 1192 1052 1247 viam
1066 1191 1198 1268 proficis*

184 1296 313 1355 ceretur,
326 1287 448 1364 augurio
460 1287 538 1344 corvi
550 1287 696 1345 inoculos
708 1306 776 1345 snos
786 1287 957 1359 involantis,
970 1299 1120 1348 revocatus
1131 1298 1192 1344 est:

185 1392 231 1449 et,
243 1379 403 1460 palladium
414 1379 482 1440 ciam
493 1403 529 1440 ex
539 1382 673 1441 inccndio
685 1383 840 1461 rapuisset,
850 1402 951 1461 passus
966 1395 1010 1441 est
1023 1384 1200 1446 caecitatem„
1234 1451 1236 1458 .

177 1537 180 1548 ,
223 1479 263 1534 V.
277 1479 340 1545 143.
357 1480 502 1551 Quantum
517 1482 719 1556 quicquum]
734 1479 894 1564 Lucillius:

359 1601 455 1650 Aurum
464 1613 537 1666 atque
546 1603 649 1652 ambitio
658 1605 784 1667 specimen
791 1603 888 1652 virtutis
896 1604 995 1667 unique
1005 1615 1049 1652 cst.

357 1680 462 1728 Tantum
470 1679 574 1739 habeas,
584 1691 679 1732 tantum
687 1681 739 1760 ipse
749 1681 810 1740 sies,
820 1682 929 1745 tantique
939 1681 1057 1729 habearis.

221 1791 257 1846 V.
272 1789 336 1858 145.
354 1793 539 1848 Contemnere
542 1793 603 1865 ful.
609 1813 707 1868 paup.
721 1794 811 1862 cred]
826 1792 966 1869 Pauperi,
979 1793 1061 1870 quasi
1072 1803 1191 1870 prupter

183 1897 337 1963 egestatem
348 1888 507 1966 perjuranti
517 1930 528 1958 ‚
537 1888 587 1946 Dii
598 1907 658 1946 non
669 1889 840 1946 irascuntur.
922 1871 931 1890 ¹

222 1984 257 2038 V.
273 1981 337 2038 150.
355 1983 476 2038 Consuto
490 1985 629 2051 vulnere]
645 1986 670 2038 A
685 1981 836 2042 sutriballo
851 1994 943 2040 sutus.

223 2081 258 2134 V.
276 2076 340 2150 155.
358 2078 444 2148 Cujus
453 2095 498 2134 res
510 2079 568 2150 legi
579 2095 637 2132 non
647 2077 729 2152 suff]
744 2077 883 2146 Othonis,
896 2097 957 2154 qua⁴
963 2079 1052 2155 jussit
1059 2096 1126 2148 eos,
1139 2077 1199 2156 qui

182 2171 463 2250 quadringentorum
487 2171 683 2236 sestertiorum
707 2170 848 2228 haberent
866 2171 996 2241 reditus,
1017 2171 1048 2228 in
1069 2191 1198 2230 numero-

183 2268 317 2345 equitum
329 2286 400 2324 esse.

213 2368 259 2421 ·V.
275 2361 341 2424 158.
351 2365 524 2438 Pr'nnirapr'.]
536 2361 789 2440 Pinnispavonum
799 2363 894 2422 ornari
903 2361 1191 2440 solentgladiatores,

183 2459 341 2539 siquando
359 2459 396 2517 ad
413 2478 552 2536 pompam
569 2459 758 2522 descendunt.
774 2459 940 2540 Pinnirapes
955 2471 1053 2522 sutem
1066 2459 1194 2524 dicitis-

182 2559 293 2628 nistas,
304 2578 338 2614 ex
352 2557 454 2615 habitu
464 2556 659 2634 gladiatorum
674 2577 680 2612 :
698 2557 850 2635 quiapost
868 2570 996 2622 mortem
1006 2557 1113 2622 retiarii
1125 2558 1193 2634 pin·

184 2677 268 2727 nam,
278 2653 308 2714 id
322 2668 379 2726 est,
394 2654 536 2712 manicam
549 2654 638 2732 rapit,
652 2667 686 2711 ut
699 2654 831 2712 ostendat
844 2655 956 2732 populo
969 2674 999 2712 se
1012 2655 1122 2720 vicisse.
1131 2660 1196 2716 Aut,

183 2751 443 2829 ideopiunirapes,
458 2751 527 2828 quia
540 2751 650 2829 pinnas·
660 2749 691 2807 in
709 2749 797 2829 galeis
808 2749 971 2820 habebant,
984 2764 1017 2808 ut
1029 2749 1171 2810 Lucillius
1182 2773 1200 2807 :1-

359 2873 422 2924 Ciam
431 2886 525 2940 septem
533 2859 666 2930 incolumia
677 2875 761 2940 pinnis
772 2875 836 2924 redit
845 2891 872 2922 ec
883 2875 970 2939 recipis
978 2891 1012 2924 se·

223 2987 260 3044 V.
277 2986 531 3056 16.1.Sorct'uulis.]
547 2989 633 3044 Nunc
647 2986 734 3064 doti(
754 2986 774 3062 ).

222 3086 259 3139 V.
275 3082 340 3154 167.
354 3083 501 3138 Servorum
514 3089 647 3154 ventres]
663 3083 775 3141 Cibaria
789 3100 948 3140 servorum.

224 3185 265 3250 V.
274 3201 338 3276 ιη.
348 3183 470 3249 Veneto,
481 3182 585 3256 duroq,·
594 3185 725 3252 cucullos]
732 3188 893 3240 Autcmsso
904 3180 1019 3251 habitu,
1030 3191 1082 3238 ant
1091 3181 1201 3258 quales·

185 3275 319 3336 cucullos
330 3272 438 3333 habent
449 3276 592 3345 Perusini,
605 3276 652 3334 vei
665 3296 682 3333 a
693 3277 803 3346 colore,
816 3287 867 3333 aut
881 3275 1044 3354 provincia,
1056 3279 1201 3344 Venetos,

198 3441 207 3453 ⁸
224 3377 261 3430 V.
278 3392 342 3445 172.
356 3375 451 3429 Nemo
461 3384 559 3446 togam
572 3392 594 3429 e.
610 3392 638 3428 n.
652 3378 733 3443 rnen]
747 3377 788 3430 Ut
801 3373 827 3429 ei
840 3391 927 3448 supra
936 3371 1046 3436 lectum
1059 3372 1193 3444 mittant,

184 3470 259 3529 dum
272 3481 406 3530 mortuus
420 3466 554 3526 efferum.

224 3570 261 3623 V.
280 3565 344 3638 175.
359 3566 526 3634 limodiam]
541 3561 711 3622 Exodiarius
723 3562 802 3640 apud
813 3555 924 3622 veteres
937 3563 972 3620 in·
981 3562 1038 3620 fine
1051 3563 1194 3630 ludorum

182 3661 325 3730 intrabat,
339 3660 420 3738 qubd
431 3658 574 3738 ridiculus
586 3659 680 3716 soret:
695 3670 729 3716 ut
741 3659 886 3736 quidquid
899 3659 1092 3735 lacrymarum
1105 3671 1193 3738 atque

183 3757 307 3816 tristitiae
319 3757 479 3834 coegissent
490 3775 526 3812 ex
537 3755 652 3833 tragicis
666 3755 835 3824 affectibus,
848 3754 938 3833 hujus
948 3756 1105 3840 spectacuii
1117 3758 1203 3818 risus.

185 3853 355 3936 detergeret.
366 3854 460 3932 Hujus
473 3865 503 3910 et
514 3851 655 3911 Lucillius
668 3851 819 3924 meminit:
908 3919 910 3922 Ι

323 3979 325 3984 “
359 3969 484 4037 Principio
497 3969 577 4018 exitus
587 3967 687 4034 dignu’,
701 3965 865 4030 modiumque
873 3977 997 4035 sequetur.
