2818 4654
538 359 676 425 vlts.
868 377 876 396 ·
1070 385 1107 432 rs

110 498 177 544 aunt
193 483 458 562 abstractumque
475 495 608 562 teurpore
626 485 732 563 scripta
747 501 799 543 stra
813 486 942 546 redusit
960 499 990 546 et
1010 488 1112 546 edidit.

110 582 213 641 Positis
221 581 267 638 his
274 581 420 652 versibus,
431 580 559 638 adnectit
570 581 728 640 Suetonius
741 580 803 639 haec
814 582 918 640 verba:
930 587 1003 641 Erat
1012 599 1073 642 tum
1083 587 1115 641 in

111 679 220 735 delacr'a'r
234 681 313 734 auloe
326 678 427 735 dudio
432 717 443 747 ,
456 679 594 752 multipes
598 679 754 752 fautorum
766 679 828 749 ejus
840 679 967 753 quottidie
971 681 1115 755 provehe-

110 775 235 831 bantur:
252 774 334 830 vend
349 792 415 848 ergo
436 775 585 830 luvenalis
603 775 633 830 ἐκ
651 774 863 848 suspectuosae,
880 775 967 849 quasi
985 787 1114 851 tempora

101 871 232 946 figurate
249 880 395 926 mosset:
408 889 448 924 oc
459 871 561 926 atatim
568 888 631 944 per
647 869 785 928 honoram
802 869 932 938 mt'lt'tt‘oe,
944 887 1113 944 quanquam

111 965 985 1041 octogenanits,Urhesubmotus,mirsusquaudprsafiotm
992 967 1115 1028 otono

110 1065 140 1117 in
153 1054 289 1117 'exrema
301 1073 390 1135 parte
408 1058 691 1138 tendcnuiAegyptt'.
709 1063 745 1117 In
764 1058 809 1116 hia
824 1053 912 1121 cardo
926 1061 970 1122 rei
979 1061 1114 1132 vertitur,

111 1157 179 1236 quia
194 1177 230 1214 ex
245 1156 291 1214 his
304 1156 399 1214 verbis
411 1155 609 1218 hallucinandi
622 1175 721 1228 ansam
736 1157 919 1234 arripuerunt
934 1177 1052 1228 omnes,
1065 1157 1117 1234 qui

109 1245 303 1332 scripserunt,
322 1253 493 1310 iuvenalem
514 1253 569 1312 sub
591 1251 758 1314 Domitiano
782 1252 813 1310 iu
835 1253 955 1312 exilium
978 1252 1115 1330 pulsum.

111 1349 193 1428 quod
211 1347 379 1406 offendisset
395 1347 549 1420 Paridem,
561 1360 590 1406 et
608 1348 639 1406 iu
655 1346 754 1407 Paride
771 1348 981 1411 Domitianum.
997 1353 1072 1408 Nam
1086 1361 1117 1411 et

113 1445 169 1504 hos
177 1465 271 1504 versus
281 1445 318 1503 de
329 1444 430 1503 Paride
442 1445 569 1524 primum
581 1445 671 1535 factos
682 1463 743 1502 asse
752 1457 882 1516 constat,
893 1458 922 1504 et
932 1458 1052 1524 propter
1062 1444 1116 1510 isos
1220 1495 1223 1504 .

112 1551 210 1600 versus
223 1541 279 1602 hoc
295 1541 361 1600 loco
377 1536 488 1600 diserte
499 1541 597 1603 scribit
612 1555 729 1614 auctor,
745 1541 825 1602 Urbe
841 1541 1010 1602 submotum
1028 1541 1116 1602 fuisos

59 1689 70 1714 ,
110 1639 279 1698 iuvenalem
289 1683 297 1711 ,
307 1621 359 1718 qiri
369 1639 400 1698 in
411 1640 606 1718 suspicionem
617 1652 748 1710 venerat,
759 1640 841 1718 quasi
855 1640 975 1717 figurate
985 1652 1116 1718 tempora

110 1749 241 1794 taxasset.
258 1735 316 1796 Sed
335 1756 388 1794 nec
409 1735 541 1795 ordinem
556 1737 621 1794 vitae
642 1748 671 1792 et
691 1737 866 1813 scriptorum
881 1736 1046 1804 iuvenalia,
1060 1755 1115 1794 uec

109 1846 237 1892 mentem
252 1833 382 1892 Suetonii
396 1832 549 1894 attendisse
558 1833 711 1904 ridentur,
724 1833 776 1912 qui
788 1833 819 1890 in
833 1830 911 1890 hunc
923 1831 1050 1912 lapidem
1062 1833 1116 1891 im-
1152 1893 1154 1902 ,

96 1943 260 2009 pegerunt.
270 1931 324 1987 Hic
333 1930 463 1988 disertim
472 1929 574 1999 tradit,
587 1930 803 2007 octogenarium
814 1942 878 1986 tum
890 1929 976 1986 fuisse
986 1933 1113 2008 poetam,

108 2029 178 2084 cum
193 2026 273 2084 Urbe
287 2027 440 2084 submotus
454 2038 506 2083 est.
523 2027 773 2105 Quadragenarius
787 2039 865 2098 erat,
881 2025 1031 2084 autetiam
1044 2039 1114 2084 natu

106 2123 225 2194 minor,
239 2135 316 2179 certe
330 2123 432 2180 mediae
446 2119 628 2192 aetatis,ci1m
639 2123 763 2200 primam
773 2121 854 2180 illam
867 2123 983 2180 satiram
993 2143 1113 2201 compo-

49 2251 51 2260 s
104 2219 186 2288 suit,
199 2214 259 2293 qui
271 2215 404 2274 Paridem
418 2216 500 2296 laesit.
515 2218 625 2273 Demus
640 2217 716 2273 circa
731 2218 812 2274 initia
828 2219 942 2295 imperii
955 2219 1115 2278 Domitiani

103 2313 248 2390 scriptam
261 2329 339 2380 esse,
351 2321 383 2367 et
393 2308 582 2388 quadraginta
597 2325 738 2368 annorum
753 2321 817 2368 tum
829 2311 917 2370 fuisse
930 2315 1113 2386 Iuvenalem,

106 2411 131 2469 si
142 2409 175 2468 id
188 2405 269 2486 quod
281 2406 324 2464 iili
335 2407 480 2485 superfuit
493 2407 545 2464 aevi
557 2417 652 2484 usque
666 2406 703 2464 ad
716 2409 931 2486 octogenarium
942 2425 1113 2492 computes,

105 2508 137 2564 in
147 2517 263 2586 sextum
273 2502 410 2560 Hadriani
420 2520 530 2560 annuns
540 2501 690 2562 devenies:
701 2521 760 2561 non
771 2503 861 2582 igitur
870 2505 925 2563 sub
934 2507 1112 2578 Domitiano,

107 2603 158 2661 sed
172 2603 229 2659 sub
242 2599 389 2659 Hadriano
407 2599 438 2658 in
458 2599 579 2658 erilium
596 2612 678 2658 actus
696 2613 751 2658 est.
772 2603 836 2660 Hoc
858 2603 936 2660 enim
954 2605 1114 2664 necessario

106 2693 310 2766 concluditur,
323 2695 564 2774 quandoquidem
578 2697 778 2775 octogenarius
791 2709 822 2756 et
833 2699 938 2756 mediae
953 2701 1042 2757 etatis
1053 2703 1113 2760 Do·

107 2791 228 2852 anitiano
242 2794 402 2871 imperante
418 2792 506 2850 simul
524 2811 586 2852 esse
603 2811 663 2851 non
678 2794 783 2872 potuit.
804 2797 887 2853 Certe
902 2797 1112 2874 octogesimum

107 2894 198 2950 aetatis
211 2911 321 2949 annum
335 2891 493 2949 Domitiani
508 2911 570 2948 aevo
584 2891 710 2970 attigisse
724 2911 785 2950 nou
799 2903 843 2950 eat
853 2893 1027 2966 verisimile,
1044 2893 1115 2953 cirm

107 2982 210 3047 verusir
224 2989 261 3048 sit
271 2987 463 3067 penultimam
476 2986 591 3045 satiram
604 2987 641 3045 ab
652 3007 690 3046 eo
702 2989 839 3066 scripum
855 2989 942 3048 faisse
957 3004 1023 3068 post
1033 2991 1113 3050 Iunii

105 3083 220 3142 Rustici
229 3083 428 3155 consulatum,
437 3082 468 3140 id
479 3095 522 3141 est
532 3093 599 3162 post
608 3083 727 3141 tertium
739 3085 876 3142 Hadriani
886 3105 1005 3144 annum.
1015 3091 1112 3158 Quare

104 3181 127 3238 si
138 3181 339 3258 octogenarius
351 3179 431 3238 Urbe
443 3179 546 3257 pulsus
560 3191 620 3250 est,
635 3199 688 3238 nec
702 3200 718 3237 a
730 3181 898 3240 Domitiano
909 3184 1028 3261 pulsum
1038 3228 1045 3254 ,
1057 3204 1112 3245 nec

104 3277 134 3334 in
149 3277 271 3356 gretiam
284 3275 409 3346 Paridis,
424 3287 589 3333 constanter
607 3293 766 3335 asseverare
788 3293 952 3355 possumus.
971 3282 1120 3338 Praeterea-

103 3373 262 3431 clarissime
275 3383 396 3430 testatur
409 3371 583 3444 Suetonius,
597 3371 676 3437 Urbs
690 3385 823 3430 exacuam
837 3393 905 3432 eum
914 3387 1034 3454 propter
1043 3375 1112 3436 iiius

104 3469 227 3546 quidem
238 3485 355 3538 versus,
366 3487 442 3546 quos
452 3469 588 3547 superius
600 3469 770 3541 attulimus,
785 3469 836 3526 sed
849 3465 917 3527 eiam
927 3472 988 3550 jam
1002 3489 1053 3530 eos
1066 3473 1112 3531 iu-

105 3565 233 3624 sulsisset
247 3565 332 3624 noris
346 3564 476 3642 scriptis,
490 3585 526 3624 en
547 3566 639 3644 prima
659 3585 764 3643 nempe
784 3567 885 3636 satira,
901 3567 959 3645 qud
978 3569 1111 3628 Paridem

106 3663 254 3740 tetigerat,
268 3653 430 3719 tianslatos.
447 3664 486 3718 At
501 3663 584 3720 satira
601 3661 652 3718 iliu
671 3663 810 3740 septima,
826 3664 875 3720 eui
887 3665 986 3722 inserti
999 3677 1068 3723 suut
1081 3679 1111 3724 et
1191 3667 1193 3672 ’

46 3766 51 3778 ’
98 3757 221 3827 inserti,
236 3777 361 3837 maeque
374 3757 463 3816 hodie
472 3758 597 3836 iegitur,
611 3760 687 3817 siout
699 3759 735 3817 ab
750 3777 785 3818 eo
798 3761 916 3820 recitata
927 3761 1110 3839 podremum

109 3865 151 3910 est
172 3867 259 3934 atque
279 3855 395 3933 uulgata
407 3842 600 3926 ‚Doiaritiano
617 3857 678 3935 jam
698 3855 811 3935 pridem
831 3857 973 3916 usdncto
990 3858 1108 3936 prodiit.
