2924 4662
206 335 223 372 Ο

276 393 343 463 ιιι
503 345 646 458 verr.
671 384 1069 460 uouuuurnuu·

276 535 366 596 quern
383 528 482 596 postea
500 519 661 576 Tiberius'
653 539 684 576 ιιι
704 517 798 576 insula
817 517 925 575 Rhodo
943 515 1121 594 praecipitare
1141 507 1236 570 voluit
1252 507 1283 571 ia

276 615 429 692 pelagum,
446 615 528 692 quasi
547 615 708 672 conscium
706 610 1168 692 pramissae(ua)dom1natroms
1185 593 1282 680 Quem

275 706 421 766 dolum
393 727 461 766 cum
475 710 685 786 praesensisset,
698 708 783 786 sugit.

313 809 349 860 V.
366 805 433 876 577.
449 806 501 860 Ad
501 825 633 879 primum
645 806 782 878 lapidem.
786 809 796 873 ]
811 802 842 862 si
857 803 961 881 gestari
975 801 1116 871 voluerit,
1131 799 1232 860 horam
1246 819 1283 858 ex

272 901 475 980 siguis-eligit
471 901 701 959 convenientem.

310 1001 347 1060 V.
361 999 428 1054 581.
441 999 597 1067 Petason]
610 997 693 1054 Alter
703 1008 805 1054 rumor
819 995 888 1053 artis
902 995 1130 1054 mathematicos.

312 1094 349 1149 V.
361 1092 428 1150 582.
441 1093 475 1149 Si
484 1093 635 1149 mediocris
644 1094 717 1162 erit]
726 1093 760 1148 ,st
769 1111 880 1169 pauper
888 1091 943 1148 erit
951 1091 1057 1148 mulier
1065 1081 1277 1168 superstitiosa;

274 1190 305 1246 in
320 1189 404 1246 Circo
419 1189 523 1266 quaerit
537 1186 776 1265 quosconsulat:
790 1186 832 1244 ibi
845 1205 914 1245 nam
928 1171 1014 1244 antea
1025 1202 1188 1265 proponere
1201 1187 1279 1244 sole-
1341 1187 1343 1191 ’

272 1286 343 1344 bant
356 1285 445 1363 hujus
457 1275 531 1342 artis*
539 1285 726 1362 professores.

233 1453 234 1456 Ἴ
312 1381 392 1440 lbid.
419 1385 548 1457 Spatium
570 1379 726 1452 naualia]
749 1380 838 1452 Quod
857 1379 1043 1438 circulatores
1070 1379 1127 1438 hoe
1150 1399 1277 1438 consue-

272 1480 366 1537 verint
379 1478 535 1550 adhibere,
548 1491 582 1535 ut
595 1477 715 1536 delectis
727 1477 781 1533 sibi
796 1477 868 1534 locis
881 1476 1015 1546 duobus,
1028 1496 1078 1536 eos
1089 1477 1230 1548 lustrent,
1245 1477 1277 1536 id

271 1590 333 1646 est,
347 1578 509 1646 circueant,
523 1575 628 1633 deinde
644 1593 696 1652 per
710 1591 759 1631 eos
773 1586 863 1631 sortes
871 1569 978 1644 ,idest
989 1575 1118 1646 taxillor,
1125 1575 1258 1653 jactitent
1266 1611 1284 1645 ,.

274 1692 334 1750 quo
349 1669 472 1740 exinde,
486 1669 567 1747 quod
585 1689 644 1726 sua
663 1688 800 1747 geneseos
818 1670 933 1746 signum
952 1691 982 1727 se
999 1671 1276 1740 accommodaverit}

271 1767 460 1845 inspiciatur,
478 1763 623 1846 numquid
642 1765 737 1835 vivet,
751 1777 780 1822 et
801 1764 929 1842 quando.
952 1769 989 1822 Et
1007 1767 1107 1844 paucis
1126 1787 1162 1824 ex
1181 1767 1277 1824 verbis

273 1865 385 1932 ibidem
398 1864 570 1940 conscriptis
583 1875 673 1921 sortes
689 1863 818 1923 educunt
834 1851 914 1920 suas]

313 1965 350 2020 V.
363 1961 430 2029 581..
440 1962 632 2036 Poppyrma.]
642 1959 708 2016 Oris
721 1958 811 2037 pressi
821 1957 923 2030 sonus,
936 1971 970 2016 ut
981 1959 1125 2018 labiorum
1134 1962 1168 2018 in·
1177 1981 1206 2019 se
1217 1962 1278 2034 col·
1313 2012 1316 2030 ,

271 2061 394 2120 lisoium
413 2057 568 2134 strepitus,
582 2074 641 2133 qua
654 2055 752 2114 latitia
767 2056 922 2130 praedicere
938 2056 1036 2113 mala*
1046 2056 1174 2129 adsela,
1187 2058 1277 2115 vitare

272 2167 357 2216 vota.

310 2258 350 2313 V.
360 2253 426 2312 585.
437 2253 539 2330 Phryx
548 2271 650 2330 augur
658 2251 849 2323 etrade]llle
859 2251 955 2330 Phryx
965 2272 1017 2329 qur
1009 2253 1126 2310 Romae
1136 2205 1276 2310 moratur.

273 2356 349 2412 Sunt
359 2353 437 2416 enim
449 2351 487 2409 ob
500 2352 556 2408 hoc
569 2371 621 2430 qur
613 2351 692 2409 a'b
684 2371 746 2428 ipsa
756 2351 879 2428 Phrygia
891 2349 1012 2408 exhibiti
1024 2363 1099 2408 sunt

310 2453 346 2504 V.
361 2449 428 2520 587.
444 2451 503 2522 Qui
501 2469 539 2522 p.
544 2450 576 2520 f.
591 2455 625 2518 α]
640 2447 734 2518 Condi
745 2446 861 2525 fulgura
871 2445 1022 2516 dicuntur,
1033 2447 1278 2524 quotiescumque

272 2545 404 2624 pontifex
414 2543 559 2622 dispersos
567 2545 648 2622 ignes
658 2545 689 2600 in
700 2563 794 2600 unuin
804 2543 890 2600 rediit
895 2543 957 2620 (23)
968 2542 1097 2619 quiedam
1104 2542 1187 2600 tacita
1197 2543 1280 2621 igno-

272 2642 364 2698 rantia
376 2659 461 2719 prece
472 2639 572 2698 locum
585 2642 750 2718 aggestione
764 2652 965 2696 consecratum
980 2640 1025 2698 sit.
1038 2642 1190 2698 Lucanus:
1261 2665 1269 2672 ··

450 2789 455 2802 .
477 2789 482 2802 .
504 2789 510 2801 .
529 2785 538 2802 .
557 2757 587 2803 Et
597 2757 671 2803 tacito
682 2771 738 2802 curn
746 2771 871 2803 murmure
882 2755 980 2812 condit,

447 2835 543 2896 Datque
552 2833 612 2886 loeis
621 2851 720 2885 nomen

312 2941 348 2994 V.
364 2935 431 2994 588.
449 2937 598 2993 Plebeiam
613 2941 643 2994 in
661 2939 703 3008 C.]
719 2939 755 2996 In
765 2938 865 3008 Circo,
880 2937 910 2994 in
924 2921 1024 3016 spina:
1038 2938 1095 3028 boe
1109 2938 1192 3008 ideo,
1207 2928 1278 3016 quia

266 3034 333 3092 ·illic
345 3051 487 3111 pauperes
500 3045 591 3092 sortes
605 3033 761 3110 accipiunt.

194 3157 197 3166 ·
312 3133 348 3186 V.
366 3127 432 3204 591.
446 3131 494 3184 Aa
506 3149 579 3204 saga
591 3131 749 3200 vendenti]
762 3130 940 3206 Negotiatori
952 3133 1071 3210 sagaris.

311 3227 347 3281 V.
368 3222 435 3306 593.
454 3225 582 3283 Fortuna
599 3229 738 3300 urgeam]
760 3218 887 3300 Cogente
906 3239 1091 3304 paupertate,
1103 3245 1163 3284 uon
1181 3225 1279 3284 solum

273 3317 372 3398 pauiu
386 3317 569 3395 periculum,
585 3317 635 3375 sed
650 3319 737 3375 etiam
750 3317 930 3380 educationis
944 3321 1071 3386 subeunt
1083 3321 1223 3380 laborem.
1261 3312 1265 3322 ⁵

308 3417 346 3470 V.
364 3415 430 3488 594.
446 3413 507 3468 Sed
508 3415 584 3484 jau]
598 3413 654 3471 Vix
669 3425 712 3470 est
723 3425 757 3470 ut
770 3417 959 3500 puerperium
971 3419 1110 3476 sustineat
1121 3419 1199 3476 div'es
1212 3439 1280 3476 mu·
1360 3428 1363 3444 ¹

266 3509 334 3576 lier.
347 3513 421 3567 Nam
435 3509 608 3592 sterilitatis,
620 3523 670 3566 aut
681 3509 799 3568 abortus
811 3514 953 3590 poculum
965 3515 1054 3573 sumit
1063 3513 1100 3576 ab
1111 3511 1281 3585 obstetrice,

266 3619 324 3665 aut
334 3605 474 3665 malefica
486 3587 629 3698 Puerpera
645 3607 752 3666 dicitur
765 3609 879 3688 puella,
892 3631 957 3689 quae
971 3613 1200 3691 primitusparit.

312 3706 348 3759 V.
365 3699 433 3761 603.
449 3704 500 3758 Aa
512 3723 629 3777 spurcos
643 3705 763 3780 decepta
783 3709 871 3763 meus.
878 3713 888 3778 ]
903 3708 978 3766 Illuc
996 3730 1063 3776 nam
1078 3707 1283 3804 deferebantur

265 3799 396 3908 expositi
409 3810 526 3875 partus,
539 3812 627 3876 atque
641 3800 683 3858 ibi
696 3803 941 3881 projiciebantur:
955 3805 1076 3884 decepta
1086 3793 1184 3867 autem
1195 3813 1282 3878 vota,

264 3896 342 3976 qnia
356 3895 524 3972 suppositus
543 3907 586 3953 est
600 3897 696 3954 filius:
691 3898 742 3984 ·'id
760 3911 822 3969 est,
838 3899 931 3957 factus
949 3903 1055 3962 nobilis
1070 3923 1105 3963 ex
1119 3903 1281 3984 supposito

306 3997 347 4060 V
363 3993 430 4066 607.
448 3996 661 4076 Domr'bast.p.
675 3975 762 4068 alab]
778 3995 940 4060 Nobilibus.
994 4033 999 4042 ·
