2868 4658
418 345 832 412 Enaunlrtonss
1067 347 1131 436 367

170 469 227 538 (tt)
242 471 316 534 Quem
330 471 437 519 animum
453 469 619 540 medicum]
638 467 775 520 Ciceronis
787 480 827 519 est
837 482 870 520 ex
881 465 951 518 libro
963 465 997 519 tle
1007 467 1134 523 Consoln·
1186 463 1193 474 .
1214 507 1218 512 -

135 553 224 615 tione,
236 556 314 624 cujus
327 565 366 606 est
380 567 407 607 et
420 553 507 606 illud:
524 573 555 607 ex
570 552 710 607 divinitate
725 559 818 605 omnes
830 553 934 604 animos
949 554 1073 620 haustos,
1085 541 1132 610 aut

134 654 276 712 acceptos,
290 654 337 693 aut
350 640 446 694 libatos
456 642 577 694 Deorum
588 641 746 712 cognatione
757 641 855 704 ¹teneri.
873 640 905 692 P.
957 677 959 680 -

172 729 288 794 'Famcal
303 727 396 790 Forte,
401 729 501 795 fabam.
520 730 551 778 A.

172 816 228 883 (rs)
243 817 335 864 Sarum
339 815 510 886 philosophus]
525 814 596 867 Puto
609 814 661 886 leg.
672 813 834 886 Pythagoras
845 813 948 866 Samius
957 813 1134 885 philosophus

133 913 246 970 propter
255 901 441 972 cognationem
450 891 522 954 inter
531 921 570 963 se,
580 915 629 954 etc.
637 915 771 954 aversatus
781 912 807 953 et
815 901 916 952 iaham:
926 899 1000 972 quod
1010 901 1133 972 sequitur

134 985 249 1039 deflare
265 989 347 1054 sabae,
360 989 423 1042 alibi
436 1008 479 1042 me
493 989 584 1059 legisse
599 1007 654 1040 uon
670 988 798 1044 memini:
813 1005 850 1040 ne
866 987 938 1060 apud
950 987 1134 1060 Porphyrium

133 1071 261 1143 quidem,
276 1077 324 1146 qui
338 1076 407 1127 hanc
423 1075 545 1128 haeresim
563 1074 721 1136 doctissimis
738 1087 765 1126 et
782 1074 981 1146 elegantissimis
996 1075 1072 1128 libris
1086 1074 1133 1128 de·

133 1159 243 1214 lendere
258 1175 369 1216 conatus
383 1175 432 1214 est.
446 1161 482 1213 P.

138 1291 140 1297 ,
167 1246 179 1270 *
193 1249 388 1318 einamma]
405 1248 508 1307 Dubito
518 1266 616 1300 annon
626 1246 717 1317 potius
727 1247 760 1300 sit
770 1245 932 1318 legendum,
940 1252 962 1300 si
971 1263 1132 1317 seponantur,

133 1329 163 1382 id
177 1343 230 1392 cst,
239 1332 260 1382 si
275 1332 325 1384 sibi
339 1333 542 1404 relinquantur,
552 1329 731 1404 putrescunt,
744 1332 817 1388 unde
833 1352 929 1388 succus
941 1335 1130 1391 rubicundior.

132 1417 287 1489 Pythagoras
297 1421 439 1487 sanguisob
453 1419 660 1472 similitudinem
673 1419 771 1474 dictus.
781 1420 877 1476 Almcl.
895 1423 933 1475 A.
993 1461 1002 1478 .
1190 1413 1196 1420 ¹

581 1527 640 1581 XV
645 1528 670 1581 1.

167 1637 208 1704 (ι)
221 1642 270 1687 Isca
282 1656 298 1687 a
306 1637 379 1707 plen]
397 1640 565 1692 Referuntur
576 1642 668 1690 'tamen
683 1655 718 1690 cx
730 1657 760 1690 ea
777 1637 900 1710 quodam
913 1652 944 1693 ut
960 1643 977 1694 J
980 1661 1060 1698 uren.
1074 1638 1131 1698 non

131 1723 293 1776 aPrisciano
307 1724 405 1789 modo,
417 1723 464 1777 sed
475 1737 501 1776 et
511 1743 524 1776 a
536 1723 612 1777 Serv.
623 1725 652 1776 in
665 1726 680 1774 1
692 1738 719 1778 et
730 1725 882 1778 11Aeneid.
901 1726 932 1780 P.

166 1811 208 1879 (a)
224 1815 268 1862 Vel
275 1814 297 1862 si
303 1815 488 1879 sintpericula.]
498 1811 642 1874 Fortassis,
654 1815 699 1862 vel
706 1813 727 1862 si
734 1815 819 1884 absint,
834 1813 865 1865 P.

168 1899 209 1967 (3)
219 1903 335 1966 Darupn's
343 1901 480 1968 militibus}
488 1899 578 1951 Forte.
589 1899 642 1951 Pro
651 1899 724 1969 ipsis.
742 1899 772 1949 P.

168 1987 325 2054 (tillguavus
333 1991 363 2038 de
374 1990 486 2054 mulium]
500 1985 608 2049 Malim,
620 1989 644 2036 in
658 1987 708 2035 alio
721 1989 872 2048 Mutinensis,
882 1989 974 2042 rhetor
987 1992 1082 2065 aliquis
1095 1997 1131 2052 dc

133 2073 255 2126 Mutina:
267 2073 310 2126 vel
323 2073 443 2136 mulino,
453 2072 483 2125 id
495 2085 550 2135 est,
561 2073 679 2142 ignavus.
696 2071 725 2122 P.

171 2159 211 2230 (5)
225 2160 357 2226 Antiqui?
366 2163 388 2208 si
400 2161 577 2226 testimonium]
591 2159 721 2210 Dematur
734 2158 871 2212 astericus.
885 2161 937 2214 Sed
952 2181 986 2216 ne
1000 2167 1055 2220 hnc
1068 2172 1131 2241 qui.

134 2245 197 2298 dem
207 2259 301 2299 notare
310 2247 496 2310 institueram,
507 2256 533 2296 et
540 2248 661 2316 jumenta
670 2258 780 2308 vocant,
792 2257 819 2297 et
832 2246 871 2297 sol
885 2248 1011 2318 inclinat,
1027 2269 1057 2309 ut
1068 2260 1130 2313 sati.

134 2335 185 2386 rici
198 2333 307 2388 tandem
321 2334 407 2386 nostri
424 2347 451 2386 et
466 2333 555 2389 verbis
573 2345 600 2384 et
615 2331 727 2383 consilio
743 2346 812 2384 utar.
832 2335 928 2406 Itaque
943 2335 1025 2394 finem
1042 2344 1130 2400 faciog

134 2432 241 2492 tantum
250 2420 319 2474 illud
330 2419 443 2484 addam,
454 2417 529 2490 quod
540 2419 663 2490 sequitur
674 2416 709 2469 de
722 2420 847 2472 castrensi
859 2423 968 2492 peculio
979 2445 1033 2481 esse
1045 2449 1077 2484 ex
1089 2433 1131 2486 in·

134 2509 271 2562 terlineari
284 2509 384 2580 glossa,
395 2525 456 2578 quae
469 2519 497 2559 ct
509 2508 648 2578 signorum
661 2506 803 2571 comitem,
818 2510 985 2565 vexillarium
997 2515 1130 2590 interpre.
1162 2538 1166 2564 t
1211 2523 1213 2532 ’

133 2610 214 2650 tatur.
232 2597 335 2648 Verum
352 2597 423 2657 hnc,
440 2592 515 2666 quod
534 2593 613 2646 initio
633 2590 776 2656 admonui,
790 2613 846 2647 non
858 2597 946 2652 nnius
964 2601 1081 2674 ingenii,
1098 2620 1131 2662 ut

132 2683 287 2754 scripturn,
298 2682 335 2734 sic
346 2681 475 2736 vitiorum
491 2693 518 2732 ct
536 2697 659 2732 errorum
677 2679 822 2734 mixturam
835 2701 909 2753 passa
922 2701 999 2754 sunt,
1014 2709 1073 2762 quae
1088 2693 1130 2748 di.

132 2789 259 2841 gnoscere
272 2789 302 2826 ue
313 2787 468 2835 recensere,
482 2767 582 2822 critice
594 2784 662 2837 opus
675 2779 722 2819 est.
740 2766 771 2819 P.
