2922 4672
285 379 347 445 aas
496 382 538 448 n.
564 342 1069 474 recusavissent
1162 385 1166 392 ’

278 509 355 564 Petri
376 505 489 566 Pithoei
506 511 574 568 anni
599 509 691 581 1585,
712 524 741 568 et
763 511 803 570 ita
824 512 896 590 legit
915 511 1128 570 vetustissimus
1146 501 1288 585 interpres

277 606 426 688 Iuvenalis
448 607 479 664 in
503 626 557 666 suo
577 609 801 678 commentario,
817 609 935 668 laudato
956 609 997 666 ibi
1011 620 1048 670 ¹et
1063 606 1186 686 Virgilio
1203 606 1288 666 invl

277 702 440 773 Aeneidos,
452 702 544 774 male,
556 703 586 761 in
601 705 705 762 erroris
718 705 933 782 patrocinium:
1070 731 1076 744 ·
1179 731 1183 740 ¹
1310 724 1334 778 χ

453 821 510 882 Ipse
524 831 602 870 ratem
607 832 685 886 ponto
698 820 807 886 subigit,
819 820 931 886 velisque
944 820 1075 870 ministrat.

277 919 353 982 Ciam
365 922 524 1000 legendum
537 925 592 996 sit,

347 1043 404 1104 Ipse
418 1039 535 1105 (Charon
542 1037 673 1108 portitor)
687 1051 763 1090 ratem
777 1054 847 1090 corto
861 1042 965 1108 subigit,
976 1041 1088 1106 velisque
1099 1031 1228 1088 ministrat.

273 1142 360 1220 Unde
373 1142 506 1215 etcditio
521 1143 785 1222 Lugduno-Batara
797 1146 865 1204 anni
883 1147 958 1203 1600
969 1189 978 1218 ‚
993 1143 1064 1222 legit
1076 1144 1170 1216 bene,

452 1261 485 1310 Et
497 1273 594 1310 contum
608 1273 633 1310 et
646 1262 730 1328 Stygio
744 1279 815 1312 ranas
828 1264 856 1312 in
868 1263 964 1328 gurgite
977 1257 1084 1328 nigras;¹

274 1363 306 1424 id
320 1375 381 1434 est,
396 1379 511 1422 contum
526 1365 697 1436 charontis,
711 1378 741 1424 et
756 1386 839 1432 ranas
851 1365 883 1425 irs
896 1369 993 1446 Styge.
1015 1368 1052 1424 li.

273 1509 305 1552 v.
327 1484 398 1573 159.
422 1488 505 1552 Illuc
520 1487 603 1553 heu!
618 1490 726 1554 miseri
743 1490 971 1578 tredecimum]

313 1620 358 1674 Ita
370 1637 481 1676 omnes.
491 1622 570 1696 Lego
582 1620 640 1676 truc
646 1640 658 1688 ;
671 1617 702 1675 id
715 1631 774 1690 est,
786 1618 817 1676 in
826 1618 931 1677 Inferis
943 1607 1112 1677 deridemur
1123 1639 1139 1676 a
1150 1619 1282 1678 mortuis.
1297 1617 1300 1626 '

271 1713 442 1772 Petronius:
454 1717 612 1792 Postquam
630 1712 683 1771 diu
702 1725 823 1791 questus
840 1725 884 1772 est
901 1713 1057 1792 deceptum
1070 1733 1100 1773 se
1113 1727 1144 1774 et
1156 1715 1302 1794 derisum·

273 1811 495 1886 traductumque
511 1811 587 1869 inter
601 1809 837 1889 condiscipulos,
849 1823 905 1872 etc.

272 1923 304 1997 v.
324 1931 398 2018 159.
425 1957 451 1998 .·
462 1982 730 2000 ........
747 1913 767 2000 ’.
800 1937 900 2000 Arma
925 1935 1058 2024 quidem
1082 1935 1168 2000 ultra

421 2031 545 2098 Littora
560 2033 712 2098 lubernae
729 2034 968 2122 promovimus,
983 2050 1015 2098 et
1027 2033 1126 2100 mode
1139 2033 1245 2122 captas

423 2127 581 2211 Orcadas,
594 2153 632 2196 ac
646 2131 783 2195 minimi
795 2147 964 2196 contentos
976 2147 1074 2196 nocte
1084 2129 1282 2216 Britannos]
1299 2149 1302 2154 ·

311 2263 428 2322 Falsum
440 2275 484 2322 est
494 2282 573 2321 arma
586 2263 734 2323 Romanos
747 2264 926 2342 promovisse
938 2261 1014 2322 ultra
1026 2263 1218 2333 Britanniam,
1230 2263 1283 2341 qui

272 2381 309 2421 ne
323 2361 499 2420 Britanniam
517 2359 638 2440 quidem
659 2379 778 2420 omnem
797 2380 930 2439 unquam
950 2361 1132 2439 subegerint,
1144 2374 1173 2420 et
1186 2362 1215 2420 in
1231 2381 1282 2420 sua

271 2457 427 2516 habuerint
442 2469 602 2534 potestate,
615 2468 695 2534 parte
709 2457 773 2534 ejus
786 2459 894 2535 majore
908 2477 941 2515 ac
955 2457 1075 2516 meliore
1089 2457 1234 2530 contenti,
1249 2469 1283 2516 ut

271 2553 342 2612 alibi
361 2553 485 2612 ostendi.
506 2553 634 2621 Falsius,
650 2553 673 2609 si
690 2553 730 2609 ita
750 2551 834 2629 lo'qui
852 2551 938 2622 licet,
956 2554 1033 2611 ultra
1047 2558 1204 2612 Iuvernam
1217 2575 1283 2633 pro·

272 2651 396 2710 movisse
411 2668 461 2707 eos
472 2667 568 2717 arma3
581 2647 612 2705 id
626 2659 685 2717 est,
696 2648 773 2706 ultra
789 2645 958 2706 Hiberniam
971 2649 1116 2721 insulam,
1131 2671 1198 2729 quae
1209 2669 1283 2708 nun-

271 2768 361 2827 quam
379 2767 396 2804 a
411 2743 550 2804 Romanis
570 2765 639 2803 curn
659 2746 788 2804 exercitu
806 2743 885 2804 adita
904 2744 1008 2817 fuerit,
1026 2747 1137 2806 nedum
1153 2747 1279 2806 domita:

270 2863 361 2924 quare
373 2845 459 2902 Corn.
473 2841 590 2900 Tacitus
599 2841 636 2900 de
645 2841 703 2900 vita
711 2842 854 2920 Agricolae
865 2844 915 2915 ait,
921 2843 1068 2903 Hiberniae
1078 2845 1184 2904 interni
1195 2845 1282 2902 maris

269 2941 379 3000 insulas
395 2939 556 3018 superantis
575 2939 671 2997 aditus
690 2952 851 3018 portusque
870 2942 976 3000 melius
996 2954 1049 3020 p'er
1064 2942 1238 3001 commercia
1253 2951 1282 2998 et

269 3038 468 3116 negociatores
482 3037 614 3115 cognitos
624 3052 702 3104 esse,
717 3055 852 3114 saepeque
866 3059 901 3096 ex
915 3039 975 3096 Iul.
989 3039 1125 3118 Agricola
1139 3056 1240 3098 socero
1251 3055 1281 3097 se

268 3135 412 3193 audivisse
427 3133 541 3212 legione
554 3153 613 3192 una
629 3145 659 3191 et
673 3133 796 3192 modicis
811 3135 926 3192 auxiliis
944 3135 1083 3194 debellari
1097 3135 1281 3214 obtinerique

268 3233 439 3292 Hiberniam
448 3251 542 3310 posse,
549 3231 639 3314 idque
649 3229 786 3288 adversus
797 3232 972 3290 Britanniam
981 3234 1068 3291 etiam
1077 3233 1281 3310 profuturum,

268 3329 294 3390 si
309 3331 440 3388 Romana
457 3329 568 3406 ubique
587 3347 683 3400 arma,
701 3339 731 3385 et
745 3329 827 3386 velut
846 3349 862 3385 e
885 3343 1044 3408 conspeetu
1063 3331 1181 3388 libertas
1196 3329 1282 3388 tolle-

268 3439 358 3486 retur.
379 3427 474 3484 Iulius
492 3439 589 3484 autem
608 3424 744 3504 Agricola
763 3425 924 3484 Domitiani
943 3427 1111 3506 principatu
1128 3427 1281 3485 Britanniae

268 3523 442 3604 praepositus
457 3536 529 3581 erat.
544 3522 658 3580 Ibidem
673 3523 732 3580 ait:
748 3522 822 3580 hanc
842 3543 924 3582 oram
940 3524 1096 3583 novissime
1110 3524 1196 3581 maris
1210 3537 1281 3581 tunc

268 3621 398 3700 primum
412 3625 543 3678 Romana
557 3618 654 3677 classis
670 3619 870 3678 circumvecta.
886 3619 1015 3679 Insulam
1030 3640 1091 3680 esse
1104 3621 1280 3683 Britanniam

267 3717 441 3785 affirmarit,
460 3737 493 3773 ac
516 3715 603 3773 simul
628 3715 789 3794 incognitas
809 3716 847 3775 ad
868 3715 899 3774 id
923 3729 1041 3796 tempus
1060 3716 1188 3786 insulas,
1208 3737 1279 3794 quas

269 3813 397 3870 Orcadas
411 3824 533 3885 vocant,
547 3812 673 3882 invenit,
687 3812 862 3890 domuitque
877 3814 1119 3892 quinquagesimo
1133 3832 1211 3872 auno
1226 3814 1294 3870 cir-'⁴

268 3911 341 3967 citer
349 3921 417 3987 post
428 3908 543 3967 Claudii
555 3912 632 3985 Aug.
645 3908 844 3982 Britannicam
850 3909 1074 3987 expeditionem.
1088 3899 1225 3988 Dispeeta
1236 3919 1280 3967 est

267 4017 297 4066 et
316 4005 428 4079 Thule,
441 4026 530 4086 quam
547 4004 688 4066 hacteuus
709 4005 760 4066 nix
781 4018 811 4064 et
830 4003 1068 4078 hiemspbdebat
1091 4006 1279 4084 (at'tantum
