2924 4662
255 345 317 414 288
438 339 1031 412 turusconttlhtttsnlr

291 471 336 530 V...
353 470 417 528 161.
432 473 480 540 An
491 483 589 546 peste·
602 471 738 543 Urbem]u
748 469 790 530 Id'
802 483 860 541 est,
877 467 1064 529 deliberativa
1081 467 1144 546 rjus
1164 482 1252 544 quam

252 566 362 624 recitat.

291 663 408 726 v.,163.
423 667 551 740 Arpost
561 665 671 721 nimbos
684 665 788 737 otfrid]
803 661 877 722 Cium
889 683 906 721 a
919 663 1005 722 tertio
1017 662 1055 720 ab
1066 660 1145 721 Urb'e
1157 659 1254 738 lapide

251 758 349 815 castris
360 759 475 836 positis,
486 759 610 820 fulmine
623 761 757 828 territus,
771 779 807 817 eo
821 758 902 836 quod
914 759 1034 836 propius
1044 755 1201 814 accederet.

288 857 325 911 V.
344 856 408 924 164.
426 857 626 932 Circumogut]
639 855 818 914 Retroducrt
830 855 868 913 ad
878 853 1017 912 Africam.

290 953 326 1005 V.
343 951 408 1014 165.
425 955 611 1024 Quantumvis
622 955 782 1027 sonuum]
797 955 939 1028 Proroga,
953 961 1096 1026 quantum
1108 947 1163 1006 tihi
1173 948 1251 1006 dem:
1343 967 1346 974 ·

288 1050 327 1103 V:
342 1047 407 1118 167.
422 1051 600 1124 γηρᾶναι]
613 1051 721 1106 Omnes
732 1045 841 1106 scilicet
852 1046 1037 1124 professores.
1257 1052 1260 1060 '

289 1144 326 1198 V.
343 1143 408 1200 168.
425 1147 464 1202 Et
475 1157 562 1202 veras
575 1149 696 1220 agitant,
706 1148 794 1214 litos]
815 1141 890 1202 Cium
909 1141 1255 1217 mercedes2rcposeunt':

248 1237 298 1296 alii
324 1253 493 1318 exponunt,
516 1241 692 1303 uanseundo
717 1241 755 1299 ad
780 1259 901 1312 causas,
922 1239 1030 1299 relictis
1053 1238 1254 1297 controversiis
1344 1231 1351 1246 '

248 1334 435 1395 scholasticis.
711 1339 715 1346 '
999 1381 1001 1385 .

290 1431 364 1490 Ibid.
379 1435 505 1508 Raptore
516 1438 630 1505 reh'cto,
639 1436 716 1509 fuso
730 1440 864 1505 veneno]
882 1432 1036 1502 Themstu,
1049 1449 1114 1510 quse
1122 1431 1155 1488 in
1167 1429 1252 1489 audi-

250 1527 331 1585 toriis
341 1529 498 1588 recitantur
506 1529 758 1590 delihemtivarnm
771 1541 800 1587 et
811 1527 1087 1588 controversiarum:
1098 1535 1132 1583 nt
1144 1525 1253 1584 siuxor

248 1642 394 1682 venenum
407 1624 533 1694 triverit,
546 1626 666 1687 maritus
674 1625 718 1702 (6)
731 1624 851 1702 recipiat
862 1623 979 1694 oculos,
990 1634 1045 1682 eto.

288 1721 324 1775 V.
346 1737 410 1791 17²·
424 1723 571 1777 Diversum
583 1724 653 1794 iren]
668 1719 733 1778 Alis
747 1720 886 1798 qualibet.
987 1781 990 1790 ,

287 1816 323 1870 V.
331 1817 400 1886 173.
415 1817 475 1890 Qui
482 1816 622 1874 rheton'co
632 1819 661 1873 d.
672 1838 702 1873 o.
714 1823 753 1888 u.]
763 1819 850 1875 Esse*
858 1836 926 1879 uam
933 1815 1120 1876 rodemiam
1127 1825 1244 1886 emtam,

248 1931 315 1988 qum
328 1911 501 1972 rhetoricam
514 1914 545 1971 in
559 1934 588 1973 se
601 1915 753 1974 continens
765 1915 907 1973 militiam.
1166 1913 1177 1940 ·’

288 2011 323 2068 V.
342 2017 407 2083 174.
420 2011 589 2082 Summulo.]
603 2013 647 2070 Ne
659 2029 803 2072 annonam
819 2010 938 2090 perdat:
955 2008 1104 2068 sic*mola
1120 2007 1249 2068 medium

248 2104 389 2184 significat
402 2107 519 2185 gradilis
534 2109 624 2185 panis.
988 2183 990 2190 Ι

286 2203 322 2258 V.
348 2203 412 2274 176.
439 2203 636 2279 Chrysogonus
650 2211 753 2282 quanti
770 2207 904 2274 doceat]
926 2205 980 2260 Per
998 2202 1126 2260 diversos
1142 2199 1251 2258 vadunt

248 2298 414 2376 magistros,
426 2299 478 2358 ubi
491 2301 577 2359 vilius
590 2301 703 2380 possint
715 2302 848 2372 studere,
861 2311 1010 2358 tentantes.
1025 2347 1028 2354 .

226 2421 228 2426 ·
285 2399 320 2452 V.
339 2417 403 2469 177.
418 2399 518 2453 Artem
530 2401 684 2468 scindens]
698 2397 846 2455 Dividens.
862 2445 865 2452 .
953 2415 959 2426 ·

285 2496 321 2549 V.
338 2494 402 2564 178.
416 2497 532 2550 Balnea
544 2496 705 2564 sexcentis]
717 2493 834 2551 Balneas
848 2505 876 2550 et
886 2493 1017 2570 porticus
1028 2489 1184 2559 aedificant,
1197 2489 1249 2547 ubi

246 2601 410 2666 gestentur,
424 2609 460 2648 ne
472 2609 521 2647 ens
534 2589 634 2668 pluvia
646 2591 810 2667 contingat,
821 2600 851 2648 et
864 2587 1026 2647 mercedem
1041 2605 1095 2665 pro
1109 2586 1176 2644 filiis
1189 2585 1249 2642 suis

247 2684 315 2742 dare
328 2704 388 2742 noo
402 2697 533 2762 possunt.

286 2783 322 2836 V.
341 2781 405 2838 183.
418 2785 458 2840 Et
471 2785 613 2860 algentem
624 2787 724 2862 rapiat
733 2787 878 2854 coenatio]
892 2780 1001 2841 Solaria
1009 2781 1040 2840 in
1051 2779 1247 2862 superioribus

245 2875 407 2954 hyemalia,
420 2880 613 2939 marmoribus
625 2893 655 2939 et
668 2879 812 2939 columnis
826 2890 932 2937 ornata.

283 2974 320 3030 V.
336 2975 399 3043 184.
417 2977 476 3050 Qui
477 2977 597 3050 ferculo
609 2979 709 3048 dorm]
725 2979 912 3046 structurus,
926 2986 960 3032 ut
972 2987 1070 3032 cocus.
1216 3023 1220 3028 .

285 3070 321 3124 V.
339 3069 403 3128 188.
417 3073 499 3128 Unde
511 3075 597 3148 igitur.
606 3086 648 3130 tot
661 3075 769 3146 Quint]
785 3069 1026 3148 Anthypophora.
1038 3068 1124 3130 Unde
1134 3075 1247 3126 tantum

247 3164 377 3243 possidet
390 3165 603 3240 Quintilianus,
617 3168 641 3224 si
653 3153 756 3246 parum
764 3167 897 3244 accepit?

285 3265 320 3319 V.
342 3264 405 3340 189.
424 3267 570 3339 Exempla
586 3284 719 3320 novorum
722 3263 877 3338 fatorum]
894 3261 1058 3342 Contingit,
1072 3274 1106 3318 ut
1119 3259 1248 3320 unusait
1265 3303 1269 3308 .

238 3362 306 3419 ‘sato
320 3361 409 3431 felin,
424 3359 538 3432 rhetor,
549 3360 597 3420 iel
610 3374 714 3420 orator.
790 3343 792 3352 ¹

285 3469 321 3523 V.
338 3486 402 3543 19²·
417 3470 587 3542 Appositum
605 3469 696 3542 negw
712 3471 730 3522 l.
744 3483 768 3523 s.
784 3449 825 3537 os]
839 3467 978 3525 Patricius
992 3477 1106 3524 senator
1120 3473 1181 3533 est,
1196 3459 1247 3518 lu-

245 3562 316 3621 nula
327 3583 395 3620 nom
406 3563 508 3620 adsuta
520 3562 623 3621 calceis
639 3561 843 3620 discernuntur
856 3562 969 3639 patricii
981 3579 998 3617 a
1010 3557 1139 3617 noviciis.

283 3663 319 3726 V.
338 3668 404 3736 194.
418 3663 457 3717 Et
469 3661 661 3735 apesford]
674 3657 860 3735 Infrigidatus
873 3657 939 3716 suit.

277 3759 320 3814 V.
339 3757 403 3832 196.
418 3759 446 3812 A
456 3769 547 3812 matre
558 3757 722 3828 rubentem]
735 3759 805 3812 Mox
815 3765 851 3810 ut
866 3766 950 3812 natus
961 3753 1058 3810 fuerit.

283 3857 319 3910 V.
339 3874 402 3930 199.
419 3855 568 3909 Ventidius
584 3854 658 3928 quid
674 3853 751 3908 enim
761 3856 790 3922 ι’]
806 3850 960 3908 Ventidius
978 3853 1014 3908 e'x
1030 3848 1192 3906 munitione
1200 3845 1244 3922 (7)

244 3949 363 4011 Caesaris
374 3947 542 4022 Dictatoris,
553 3949 624 4024 fuit,
634 3961 668 4007 ut
678 3947 793 4010 Tullius
804 3947 834 4006 in
844 3945 987 4027 epistolis,
1000 3958 1029 4006 et
1040 3946 1071 4005 in
1080 3943 1248 4024 Philippicis
