2818 4654
1 3457 3 3518 i

312 365 973 438 EDI'PIONUMBLENGHUS.
1105 368 1146 432 53

180 487 381 548 Scinzenzeler
392 491 505 563 socios,
520 489 694 561 Mediolani,
998 490 1084 562 1483.
1106 493 1144 549 1’.

134 601 289 662 Juvenalia
299 607 360 663 Sat.
369 623 438 662 cum
449 615 604 668 comment.
617 604 728 662 Domit.
741 605 904 678 calderini,
916 625 969 684 per

176 701 336 778 Baptistam
349 700 387 759 de
401 702 515 773 Tortis,
528 701 671 772 Venetiia,
997 701 1081 771 1485.
1103 701 1142 759 f⁰.

134 814 287 874 Juvenalia
299 835 368 872 cum
381 828 538 874 comment.
554 811 671 894 Georgii
684 814 775 875 Valla
788 815 965 887 Placentini,

180 949 235 1007 per
247 929 416 1008 magistrum
427 933 496 988 Ant.
509 930 547 988 de
558 931 651 990 Strata
659 933 899 1002 Cremonensem,
909 933 969 989 Ve-

179 1024 281 1094 netiia,
1002 1026 1087 1095 1486.
1109 1025 1148 1084 f·.

135 1137 287 1197 Iuvenalis
309 1157 377 1196 cum
395 1143 553 1198 comment.
576 1143 629 1200 Ge.
649 1139 789 1211 Merulae,
807 1149 837 1198 et
853 1141 966 1200 Per-aiut

179 1255 249 1292 cum
270 1253 378 1292 comm.
397 1239 444 1294 Jo.
463 1236 633 1308 Britannici,
646 1236 723 1316 typis
740 1236 841 1296 Jacobi
858 1237 968 1296 Britan·
991 1246 992 1252 ’

180 1329 401 1408 nici(f1atria),
416 1331 535 1402 Brixiae,
999 1332 1084 1402 1486.
1106 1335 1145 1392 f⁰.

134 1443 288 1504 Juvenalia
297 1463 366 1502 cum
376 1457 534 1504 comment.
545 1445 654 1504 Domit.
666 1445 827 1518 Calderini,
838 1467 890 1524 per
898 1449 964 1506 Bar-

181 1540 371 1599 tholomaeum
384 1541 421 1600 de
435 1543 519 1600 Zania
534 1542 571 1601 de
583 1543 726 1613 Porteaio,
738 1545 882 1615 venetiis,
951 1589 954 1596 .
998 1547 1082 1618 1487.
1106 1547 1145 1604 s‘.

137 1657 152 1683 *
167 1658 205 1713 D.
220 1659 288 1714 Jun.
304 1655 449 1714 Iuvenalis
462 1660 521 1714 Sat.
537 1656 634 1716 Editio
648 1656 761 1736 absque
771 1658 846 1730 loci,
856 1659 924 1718 anni
937 1671 967 1718 et

178 1751 361 1829 impressoria
368 1753 555 1824 nota,forsan
565 1773 618 1832 per
629 1754 728 1813 Jacob.
739 1754 889 1834 Pagnanis,
899 1755 975 1814 circa
998 1763 1083 1832 1491.
1104 1757 1144 1814 f·.

598 1850 688 1916 (catal.
702 1853 733 1902 dc
746 1855 779 1900 La
790 1852 921 1936 Valiiere.)

137 1953 972 2032 1111111181.911111111111111811111111111,Μ1111111111,
999 1964 1083 2034 1491.
1106 1957 1145 2016 i'.

136 2067 290 2126 Juvenalia
308 2086 377 2124 cum
392 2079 547 2141 comment.
568 2069 679 2126 Domit.
695 2067 841 2127 calderini
859 2081 890 2127 et
910 2073 963 2128 Ge.
1087 2086 1090 2092 ·

1 2199 2 2228 ;
103 2173 107 2178 “
179 2163 282 2234 vallae,
291 2183 342 2240 per
350 2162 519 2242 magistrum
527 2163 715 2223 Theodorum
724 2163 965 2242 denegamnibm

182 2259 222 2316 de
235 2259 340 2330 Auula,
352 2259 493 2329 venetiis,
1001 2270 1084 2339 1491.
1106 2263 1145 2322 i'.

135 2378 156 2433 J
157 2370 291 2431 uvenalia
304 2391 372 2430 cum
386 2392 494 2432 comm.
508 2371 630 2432 Merulae
645 2386 675 2432 et
687 2372 849 2445 Calderini,
864 2387 893 2434 et
905 2379 968 2434 Per

181 2469 243 2526 aius
251 2488 320 2526 cum
329 2480 485 2527 comment.
496 2469 662 2540 Britannici,
669 2471 748 2550 apud
757 2474 876 2532 Petram
883 2475 965 2532 11111-

179 2584 249 2623 nem
261 2564 298 2622 de
312 2564 488 2644 Quat-ongis,
498 2566 641 2636 Venetiia,
803 2601 809 2614 ι
999 2577 1083 2646 1491.
1105 2569 1143 2626 f’.

134 2679 288 2738 1111111111
297 2699 365 2737 cum
373 2681 482 2739 Domit.
499 2679 644 2739 Calderini
652 2684 760 2740 Veron.
774 2693 803 2740 et
813 2684 866 2740 Ge.
876 2682 967 2742 Valle

180 2775 309 2835 Placent.
321 2794 427 2834 comm.
438 2797 490 2855 per
500 2779 644 2836 Bonetum
653 2777 848 2850 Locatellum,
856 2778 967 2858 absque

179 2872 239 2930 loci
252 2873 400 2931 mentione
416 2874 562 2946 (Venetiia
577 2875 638 2933 aine
652 2873 776 2952 dubio),
814 2951 817 2957 Ι
1000 2885 1084 2954 1491.
1106 2877 1143 2936 Γ.
1241 2884 1262 2904 s

1022 2968 1037 3003 0

134 2987 965 3062 Juvenaliacumtrihuacomment.Mancinelli,Calderini,

179 3083 288 3156 Vallae,
301 3105 353 3162 per
366 3089 505 3144 Ioannem
519 3086 556 3145 de
567 3089 670 3146 Cereto
685 3085 722 3145 de
734 3085 854 3146 Tridino
868 3085 965 3164 (aliar,

180 3180 345 3238 Tacuinum
358 3179 395 3237 de
410 3180 566 3258 Tridino),
580 3181 722 3253 venetiis,
767 3207 770 3214 ⁴
1001 3191 1084 3262 1491.
1107 3185 1143 3244 Γ.

136 3293 289 3354 iuvenalis
305 3314 374 3352 cum
391 3314 497 3354 comm.
515 3293 631 3367 Sabini,
645 3297 765 3355 Merulae
782 3307 812 3356 et
825 3295 964 3370 aliorum,

180 3391 322 3460 venetiis,
1002 3398 1087 3471 1493.
1108 3395 1145 3452 f⁰.
1181 3457 1183 3470 Ι

135 3506 151 3533 ”
167 3507 207 3562 D.
221 3508 287 3562 Jun.
297 3506 444 3564 iuvenalia
453 3508 511 3564 Sat.
524 3527 593 3566 cum
605 3520 760 3567 comment.
773 3508 964 3566 1111111011-
1088 3509 1090 3518 ’

182 3600 287 3659 derini.
300 3601 452 3660 Accedunt
464 3617 620 3664 comment.
637 3605 725 3664 Probi
736 3604 853 3676 Birthii,
867 3618 896 3662 11
910 3610 963 3664 Ge.

180 3696 270 3756 Vallae
288 3699 371 3778 epist.
389 3710 418 3756 et
431 3686 561 3757 defensio
576 3701 719 3759 Calderini
735 3701 874 3760 'adversus
886 3705 960 3760 Bro'*

183 3791 301 3865 theum,
315 3815 368 3876 per
381 3795 446 3852 Nic.
461 3794 497 3852 de
511 3795 687 3869 Benedictis,
702 3798 834 3868 Taurini,
999 3807 1084 3876 1494.
1110 3801 1146 3858 f’.

606 3894 609 3909 '
729 3892 807 3958 (Bibl.
821 3897 900 3962 Imp.)
1038 3891 1042 3902 '

142 3945 162 4052 1
163 3987 294 4055 uvenilis
307 4015 376 4055 cum
391 3995 485 4058 tribus
498 4013 605 4056 comm.
619 3995 804 4068 Mmcinclli,
819 3997 964 4059 Caldcrini
1070 4009 1075 4015 '
