2818 4654
292 455 333 497 Μ
521 381 563 496 o.
587 429 737 496 tuum
766 427 1063 495 sursulus

290 555 414 636 proinde
431 555 461 614 in
479 554 599 614 exilium
616 555 699 613 initio
719 555 786 613 nuni
808 547 914 613 CXIX.
938 557 1012 612 Erat
1028 567 1087 610 tum
1096 594 1105 622 ,
1124 546 1220 628 inquit
1233 547 1299 606 vitae

189 697 193 706 ‚
290 665 408 722 auctor,
421 655 451 708 iu
465 654 572 708 deliciis
584 655 665 708 auhn
679 652 778 708 he'strt'o
785 693 795 721 ,
811 654 949 726 multique
955 652 1091 725 fautores
1102 647 1162 718 ejus
1174 645 1301 722 quotidie

285 749 525 825 provehebantur.
542 749 627 804 Vertit
635 765 702 822 ergo
712 748 859 804 Iuvenalis
873 749 903 802 in
915 747 1122 822 suspicionem,
1138 744 1224 818 quasi
1231 754 1301 798 tem-

284 847 501 920 porafigurate
515 855 647 900 notasset.
662 845 774 920 Nempe
789 842 839 900 illa
855 843 886 900 in
900 843 1037 898 Par-ulem
1058 832 1177 897 dicteria
1194 839 1301 896 histrio

292 961 375 1010 nera,
389 941 420 998 in
433 961 516 997 suum
532 941 635 1018 (cujus
649 958 757 998 nomen
774 955 835 997 uon
853 937 983 1018 prodidit
997 935 1116 1014 auctor)
1130 933 1300 994 histrionem

290 1037 368 1096 dicu
395 1033 637 1114 inteipretnbutnr
660 1023 841 1105 hadrianus,
863 1046 893 1092 et
917 1053 949 1091 se
969 1033 1060 1111 magis
1081 1033 1111 1089 in
1133 1031 1185 1088 illo
1210 1027 1300 1108 quim

290 1133 455 1189 burdonem
475 1133 592 1210 ipsum,
612 1133 643 1190 in
664 1131 812 1190 histrionis
835 1134 883 1188 sui
904 1148 1028 1209 persona
1050 1141 1198 1197 notatum,
1217 1126 1301 1204 quod

289 1227 418 1286 honores
428 1245 497 1286 suos
508 1229 576 1286 viris
587 1227 720 1286 litteratis
735 1227 922 1286 concessisset
935 1225 1136 1304 interpellante
1148 1221 1299 1280 histrione.
1354 1243 1356 1248 ¹

287 1324 494 1402 Ad'principes
504 1325 582 1382 enim
593 1325 671 1400 ipsos
679 1323 861 1400 pertinebunt
872 1321 973 1380 laudes
985 1321 1043 1378 illae
1054 1332 1238 1400 temporum,
1251 1330 1302 1376 out

287 1421 427 1480 convitia.
446 1419 540 1498 quue
554 1420 785 1498 frequentissime
807 1419 866 1476 illis
884 1419 1032 1498 objectum
1047 1419 1071 1478 si
1084 1417 1156 1495 quid
1170 1417 1302 1495 personis

291 1518 445 1575 vilioribus
460 1516 492 1574 in
503 1516 672 1594 reipublice
689 1513 936 1574 administratione
953 1515 1129 1572 tribuissent.
1144 1515 1301 1572 Servorum

291 1613 525 1690 libertorumque
535 1613 625 1689 gratia
638 1611 711 1670 niltil
725 1611 783 1669 lere
797 1601 1046 1668 contumeliosius.
1060 1613 1148 1668 Serto
1160 1609 1300 1686 Pompeio

292 1709 350 1766 hoc
362 1709 511 1788 objectum
522 1706 646 1786 legimus
657 1751 665 1778 ‚
679 1720 709 1764 et
720 1708 890 1786 Imperatori
903 1704 1037 1765 Claudio.
1051 1707 1088 1762 Et
1099 1703 1192 1762 multu
1203 1704 1303 1762 istius·

292 1805 375 1865 modi
387 1805 537 1882 exemplu,
549 1805 574 1862 si
585 1823 661 1883 opus
673 1815 764 1875 esset,
776 1801 885 1860 adduci
898 1815 1025 1880 possent
1038 1805 1099 1860 Nec
1108 1814 1207 1860 tumen
1218 1801 1303 1856 liber-

292 1916 386 1958 torum
400 1901 524 1980 dignitas
535 1901 641 1960 minori
652 1913 713 1959 erat
725 1902 756 1959 in
769 1903 863 1980 pretio
875 1897 965 1978 quitur
976 1901 1155 1956 histrionum.
1166 1896 1239 1956 Inde
1251 1901 1302 1956 Ju—
1396 1968 1399 1981 Ι

293 1999 388 2056 retuli
403 1999 483 2056 exilii
495 2017 591 2056 causo.
607 1997 728 2076 Scripsit
741 2017 811 2074 ergo
824 1999 855 2056 in
870 1996 958 2055 exilio
972 1996 1087 2054 sutirum
1099 1999 1154 2054 XV
1168 2007 1198 2052 et
1210 1997 1281 2052 XVI
1292 2023 1310 2066 ‚·
1396 1984 1399 1999 '

291 2096 318 2152 si
326 2107 424 2153 tumen
431 2111 499 2152 vere
510 2108 540 2153 et
548 2095 598 2153 illu
608 2094 755 2152 luvenalis
769 2095 873 2166 fuerit,
889 2093 971 2173 qudd
981 2105 1144 2171 negeturne
1154 2091 1303 2169 plerisque

293 2203 415 2249 testetur
430 2205 514 2249 vetus
534 2189 710 2251 scholiastes.
732 2191 790 2249 Sed
811 2188 880 2249 ciun
901 2209 994 2266 nuper
1017 2191 1167 2247 Consulem
1182 2189 1304 2244 Iunium
1374 2219 1378 2244 t

291 2285 382 2346 fuisse
391 2288 482 2359 dicat,
491 2289 552 2367 jam
563 2304 631 2345 sanc
643 2284 711 2344 cium
725 2287 841 2344 satiram
852 2285 934 2344 illum
948 2285 1086 2343 scriberet
1094 2287 1160 2355 XV,
1170 2285 1302 2358 elapsum
1374 2320 1377 2328 ·

291 2383 378 2444 illum
390 2386 575 2442 Consulatum
584 2384 691 2442 innuit.
700 2387 729 2441 Is
738 2401 807 2461 ergo
815 2380 884 2442 edm
893 2381 1003 2440 Consul
1012 2381 1099 2439 fuerit
1106 2399 1183 2438 suno
1193 2381 1303 2452 CXIX,

292 2478 418 2558 proinde
430 2481 617 2537 antc'aunum
627 2479 665 2537 ad
678 2478 834 2536 minimum
845 2477 927 2535 CXX
940 2476 1065 2534 scribere
1076 2475 1126 2534 itta
1136 2495 1196 2538 non
1204 2475 1304 2552 potuit

292 2575 451 2642 luvenalis.
463 2577 524 2632 Nec
535 2593 610 2633 vero
621 2586 722 2652 postes
736 2575 899 2652 scripsisse,
911 2572 1015 2632 exinde
1027 2571 1303 2652 colligimus‚quod
1396 2615 1398 2656 ¹.

294 2673 372 2730 iutra
386 2672 579 2729 omousirurm
592 2669 672 2728 exilii
685 2681 796 2746 tempus
810 2687 918 2745 angore
932 2671 980 2726 ille
993 2684 1024 2727 et
1037 2672 1125 2727 toedto
1134 2671 1262 2746 perierit.

546 2853 687 2930 VITA
714 2852 1044 2934 JUVENALIS

302 3033 307 3045 '
333 3037 362 3104 Ε
378 3032 537 3102 maxime
554 3027 811 3130 probabilibus
829 2981 1054 3126 conjecturis
1071 3027 1211 3128 digesta
1227 3031 1276 3104 ab

714 3143 877 3215 Editore.

336 3331 387 3396 Er
406 3330 457 3396 his
474 3329 625 3420 colligere
641 3329 733 3410 licet,
751 3327 938 3392 Iuvenalem
957 3327 1040 3418 circa
1055 3351 1181 3394 annum
1200 3331 1243 3395 V.
1266 3331 1305 3398 C.

292 3445 482 3528 DOEXW,
506 3443 626 3509 Christi
652 3441 766 3522 XLII,
788 3441 865 3505 Tib.
893 3440 1028 3506 Claudio
1049 3443 1159 3508 Druso
1180 3443 1306 3534 Imper.

293 3575 406 3624 natum
418 3581 485 3623 esse
495 3580 505 3646 ²,
517 3581 611 3639 nam,
623 3557 702 3623 siah
714 3556 777 3620 hoe
789 3577 893 3636 anno,
907 3555 1060 3643 usquead
1072 3558 1203 3622 tortium
1213 3559 1310 3646 prinss

292 3667 422 3762 ciputits¹
432 3671 587 3736 Hadriani
603 3669 839 3750 numeraveris,
854 3671 1077 3762 octogenarius
1086 3671 1110 3758 =J
1112 3673 1255 3736 uvenalis
1272 3673 1310 3739 in

291 3785 425 3852 exilium
438 3803 527 3852 actus
543 3786 623 3867 erit,
635 3783 724 3874 quod
739 3785 815 3850 satis
834 3783 979 3851 Salmasii
997 3787 1189 3873 conjecturis
1207 3789 1311 3876 stohi7

290 3901 388 3982 litum
402 3901 473 3966 fuir.
489 3900 622 3964 Frustra
635 3901 728 3965 Alex.
748 3899 885 3989 Ruperti
896 3900 1025 3996 objicit,
1038 3901 1092 3966 vix
1105 3901 1310 3989 credendum

289 4039 378 4098 esse,
397 4015 638 4106 octogenarium
662 4014 771 4080 satiras
798 4029 889 4081 estate
912 4031 978 4082 tam
1003 4031 1153 4106 provecta
1176 4017 1312 4107 publice
