2868 4658
359 377 417 442 in
442 376 612 448 Juvnu.
637 375 862 442 sturmin
883 375 982 440 xiv.
1118 371 1180 461 3³7

171 497 310 577 precepit
322 500 460 559 Rutilius.
472 506 520 560 An
534 513 619 580 putas
630 520 701 558 eum.
714 499 812 558 naevire
824 541 832 568 ‚
848 497 901 576 qui
912 497 1019 574 gaudet
1030 497 1182 576 plagarum

173 596 310 673 strepitu.
325 597 476 668 Ironicos,
497 609 526 656 et
546 616 642 655 mores
663 595 789 654 modicis
812 592 959 652 erroribus
979 612 1095 670 aequos,
1113 595 1183 671 quia

172 709 260 748 nemo
273 691 335 750 siue
350 693 422 752 vitio
436 706 495 763 est,
508 693 539 750 id
553 705 613 770 est,
625 691 808 752 tolerabilius
820 689 1032 767 indulgentem

213 790 250 844 V.
265 808 309 864 19.
319 792 356 845 Et
365 794 475 846 nullam
484 790 674 864 Sirenaflage
674 792 727 846 llis.
731 795 741 859 ]
751 787 921 846 Dulciorem
931 803 991 844 esse
1001 783 1194 862 flagellorum

172 883 342 961 strepitum,
352 883 442 963 quim
453 897 572 946 cantum
586 886 763 944 Sirenanim

211 981 307 1037 V.2.o
320 983 492 1058 Antq'ohates
510 995 582 1058 trep.
601 983 641 1036 ln.
658 988 695 1036 ac'
711 979 838 1054 Polypt.
847 979 858 1058 ]
879 979 1014 1037 Carnifex
1027 927 1141 1055 potius,
1155 975 1201 1034 et'

170 1073 244 1132 latro
259 1074 366 1133 domds
382 1097 442 1134 suae
449 1073 559 1153 ,quim
574 1074 721 1132 dominus.
737 1078 959 1158 Laestrygonum
977 1093 1028 1131 rex
1040 1071 1185 1152 Antipha-

173 1181 234 1240 tes,
246 1181 277 1227 et
288 1170 487 1248 Polyphemus
499 1169 643 1248 Cyclops,
656 1189 710 1247 qm
701 1167 854 1226 homines
867 1169 1069 1226 comedebant.

213 1269 250 1322 V.
261 1286 308 1324 na.
320 1270 387 1324 Duo
388 1279 514 1342 propter
522 1265 681 1345 Imtea]1d
690 1278 747 1336 est
757 1266 797 1322 sic
806 1255 907 1324 servus
915 1266 1187 1346 cruciaturpropter

176 1361 237 1420 duo
252 1363 421 1440 satanan.)

215 1459 251 1515 V.
269 1459 316 1515 23.
333 1459 412 1531 Quid
419 1459 526 1515 suadet
526 1457 647 1536 juveni]
660 1460 781 1515 Paterna
792 1421 973 1516 crudelitate.

216 1555 252 1610 V.
270 1563 317 1622 ι4.
332 1555 493 1630 Afficiant.]
508 1561 621 1614 Letum
635 1554 762 1628 faciunt,
774 1555 929 1614 delectant.

215 1646 292 1708 lbid.
312 1655 453 1728 Inscripm
468 1653 635 1731 ergastula]
650 1656 827 1731 Quanquam
840 1653 902 1712 ibi*
914 1652 1123 1724 includuntur,
1138 1652 1186 1710 in-
1304 1669 1314 1678 ·

176 1748 367 1824 scripti‘snnt.

215 1846 251 1900 V.
268 1843 315 1901 ιδ.
330 1849 490 1922 Exspectas
509 1859 541 1903 ut
556 1867 614 1903 nan
629 1849 668 1904 sit
680 1839 731 1902 ad.
745 1849 781 1902 J..
790 1847 890 1919 filia}
898 1847 1018 1923 Speras,
1028 1844 1114 1924 'quod
1129 1845 1188 1908 filiu

128 2003 132 2008 ¹
175 1939 335 1997 meretricis
350 1953 427 2003 casta
442 1927 533 2018 possit
549 1960 628 1999 esse:
642 1961 709 2017 quae
726 1961 787 1998 non
807 1953 904 2018 potest
918 1941 1038 2002 nomina
1055 1941 1188 2000 moecho-

177 2051 246 2090 rum
256 2035 356 2092 matris
368 2055 428 2093 suae
442 2036 583 2093 continuo
596 2054 630 2093 aa
643 2055 704 2092 uno
718 2036 822 2113 spiritu
833 2035 939 2092 dicere.

186 2132 255 2187 V.
273 2150 321 2207 ²9·
340 2133 429 2188 Ceras
442 2152 518 2188 nnnc
529 2132 747 2207 medicante]
763 2132 912 2202 Dictnnte,
923 2143 958 2188 ut
970 2131 1033 2188 haee
1044 2131 1186 2194 disceret

175 2225 329 2304 jucunde,
343 2246 397 2304 pro
413 2238 505 2283 aetate.
630 2231 633 2238 ’

187 2324 258 2379 -.V
272 2323 319 2378 δὲ).
331 2325 419 2380 Fene
430 2322 571 2400 cinaedm]
587 2319 777 2379 Internuntiis
788 2319 941 2391 ministris,
953 2321 1005 2398 qui
1019 2321 1118 2381 matris
1129 2339 1189 2386 snm

181 2417 309 2476 suerunt.

143 2503 148 2519 ⁵
219 2518 256 2572 V.
271 2517 317 2574 33.
334 2518 413 2574 Unus
426 2515 559 2594 clotten]
574 2521 658 2574 Pater
671 2527 701 2572 et
713 2534 793 2573 avus.

219 2616 254 2670 V.
271 2613 318 2682 34.
332 2617 465 2672 Forsitan
478 2616 543 2670 hoec
556 2612 713 2691 spernam]
729 2612 765 2670 Id
779 2624 839 2682 est,
853 2614 958 2692 turpia.

220 2705 323 2768 ΜΕ.
341 2712 488 2768 Proecord.
511 2713 616 2781 Titan]
637 2710 827 2768 Prometheus
846 2709 924 2768 filius
943 2714 1051 2790 Iapeti,
1066 2701 1190 2793 qui⁰fuit
1274 2707 1277 2713 ¹

182 2823 259 2864 nnus
273 2807 462 2868 eTitanibus.
1225 2807 1229 2818 ’

219 2903 255 2964 V.
270 2905 315 2963 36.
330 2903 480 2981 Fugienda
486 2919 609 2982 patrum
622 2904 765 2982 vestiga]
780 2905 941 2964 Juvenibu
953 2905 1078 2978 scilieet
1089 2909 1120 2968 id
1130 2923 1187 2982 est
1263 2914 1267 2924 “
1304 2877 1307 2887 ¹

132 3010 136 3018 ‘
183 3001 270 3060 multi
283 3002 357 3060 filu
349 3003 433 3060 mnu
445 3001 519 3060 facta
534 3015 690 3081 parentum
703 3014 877 3079 sequuntur.
995 3023 997 3031 ’
1089 3030 1109 3077 .

222 3101 258 3155 V.
274 3109 321 3168 4ο.
338 3100 483 3172 Quoniam
495 3101 602 3156 dociles
615 3100 782 3168 imitandis]
796 3097 831 3154 1d
845 3112 901 3170 est,
914 3097 951 3157 od
961 3099 1038 3158 mala
1049 3101 1188 3161 imitanda

66 3247 69 3254 .
183 3191 280 3254 faciles
291 3213 407 3252 sumus
421 3207 456 3251 ut
465 3196 632 3265 Terentius

288 3293 411 3357 namque,
422 3303 451 3340 nt
463 3302 498 3340 est
506 3292 596 3340 homin
569 3309 639 3340 mum
647 3292 777 3358 ingenium
785 3292 896 3358 proclive
905 3293 938 3342 ad
946 3293 1088 3358 libidinem,

287 3371 385 3422 Dehine
395 3383 516 3438 questum
527 3373 630 3436 aceepit.
1133 3387 1137 3392 ·

222 3471 258 3527 V.
267 3476 314 3542 4.ι
321 3471 361 3527 Et
368 3471 523 3528 Catilinam
530 3487 778 3545 quocumqueznp
781 3468 911 3540 ]Malum
919 3469 1069 3528 hommem
1078 3472 1189 3551 ubique

185 3566 323 3624 invenias

223 3663 260 3721 V.
273 3662 321 3730 43.
330 3665 414 3719 Brun
419 3683 472 3720 nec
481 3664 637 3719 avunculus
646 3681 783 3738 unquam.
785 3666 795 3733 ]
807 3665 918 3734 Bonus,
928 3676 962 3722 ut
971 3668 1041 3726 cuo
1048 3665 1192 3726 Uticensis

186 3759 389 3840 philosophus.
559 3800 561 3804 -

209 3861 261 3932 ¹V.
277 3858 324 3926 45.
333 3861 420 3916 antra
434 3877 502 3932 quce
511 3868 603 3934 pater
611 3862 672 3928 est]
685 3855 745 3916 Ubi
759 3855 834 3915 filios
847 3856 943 3918 habet.

224 3951 260 4012 V.
277 3955 325 4024 46.
339 3957 451 4014 Puella
464 3954 622 4036 lenonum]
638 3939 813 4014 uerenices.
