2930 4660
4 3905 8 4004 l

372 355 548 422 Notas
572 355 629 422 IN
655 354 990 422 JUVENALEM.
1123 372 1193 420 sor·

186 487 296 556 terpres
309 479 471 551 iuvenalis,
481 481 556 539 bene
570 479 711 540 omnino:
726 499 780 540 neo
795 481 1026 559 opus-saccorum
1032 477 1143 557 legere,
1154 487 1197 536 ut.

185 571 257 630 olim
272 573 507 640 existimaveram.
529 577 567 633 Η.

184 743 216 784 ι.
236 722 321 812 78.
317 770 324 787 .
348 768 355 787 .
383 770 392 788 .
419 723 546 805 Curius,
559 747 659 814 parvo
675 748 746 814 qum
760 725 881 814 legerat
893 721 1009 804 horto,

312 820 384 908 Ipse
398 819 477 888 focis
494 823 647 890 brevibus
660 821 801 914 ponebat
814 821 970 886 oluscula.
985 819 997 910 ]
1012 853 1013 858 ¹
1067 849 1087 892 ῃ

223 967 356 1026 Valerius
366 971 525 1042 Maximus,
536 971 589 1029 lib.
605 973 655 1041 tv,
666 990 729 1047 cap.
746 973 782 1030 ὃς
797 997 810 1024 ι
819 974 863 1030 Μ.
882 973 982 1030 Curius
988 1013 999 1041 ,
1012 969 1190 1029 exactissima
1282 997 1285 1009 ·

185 1083 309 1123 «norma
326 1069 464 1126 Romanae
483 1067 674 1146 frugalitatis,
689 1067 827 1145 idemque
845 1067 1023 1125 fortitudinis
1042 1067 1191 1144 perfectis-

113 1223 123 1247 χ
184 1161 314 1219 «simum
339 1163 506 1240 specimen,
524 1163 697 1221 Samnitium
720 1163 820 1240 legatis
841 1161 945 1240 agresti
967 1182 997 1222 se
1019 1163 1050 1220 in
1073 1180 1189 1222 scamno

186 1257 383 1314 «assidentem
401 1257 485 1328 loco,
498 1277 530 1316 ac
550 1259 647 1336 ligneo
664 1259 760 1316 catino
778 1270 939 1315 coenantem
954 1257 1073 1336 (quales
1090 1257 1192 1336 epulas

185 1374 199 1403 s
209 1353 364 1430 apparatus
372 1353 552 1431 indicio‘est)
564 1354 755 1432 spectandum
766 1353 906 1431 prebuit,
917 1365 947 1412 et
958 1373 1060 1412 eorum
1069 1373 1191 1412 munera

185 1472 199 1499 s
208 1449 335 1520 remisit,
348 1449 393 1506 his
407 1469 474 1508 saue
490 1451 584 1508 aureis
600 1469 672 1508 usus
685 1451 799 1508 verbis:
814 1439 901 1508 Islud
917 1463 949 1508 ut
955 1451 1116 1526 pretiosum
1122 1493 1134 1520 ,
1146 1452 1200 1506 ita·

184 1567 198 1595 o
209 1546 288 1600 malo
308 1543 455 1602 hominum
477 1548 669 1621 excogitatum
688 1567 792 1608 munus
810 1547 942 1619 infirmate
947 1588 959 1616 ,
974 1559 1006 1602 et
1013 1553 1191 1602 'ruementote

184 1663 197 1690 ιι
210 1659 257 1705 me
269 1659 324 1697 neo
333 1643 396 1698 act'e
412 1643 506 1712 ua'rtci,
521 1661 573 1698 nec
586 1644 717 1717 pecune'd
733 1645 879 1717 conumpi
883 1661 982 1719 posse.
995 1667 1008 1695 s
1022 1641 1106 1701 Idem
1121 1637 1191 1700 ciam

181 1732 264 1794 lulis
277 1737 421 1814 Pyrrhum
433 1759 531 1816 regem
545 1739 701 1818 exegisset,
715 1738 790 1797 nihil
806 1739 925 1817 omniuo
939 1759 975 1796 ex
988 1738 1085 1817 praeda
1099 1739 1198 1816 regia,-

181 1831 240 1910 (μή
256 1834 415 1893 exercitum
434 1835 604 1914 Urbemqne
623 1835 783 1907 ditaverat,
799 1835 909 1914 attigit3
929 1835 1053 1894 decretis
1069 1835 1155 1892 etiam
1173 1854 1191 1890 a

181 1941 283 1988 senatu
300 1930 426 2007 septenis
442 1931 596 2010 jugeribus
615 1934 692 2011 agri,
707 1932 762 1989 sibi
782 1944 880 1990 autem
895 1931 1125 2010 quinquaginta3
1132 1949 1197 2006 pov

173 2013 291 2102 pulani
304 2027 502 2105 assignationis
515 2027 639 2086 modum
652 2047 714 2090 non
727 2030 857 2088 excessit.
881 2033 914 2086 C.
927 2067 931 2076 ·

180 2197 212 2239 r.
233 2176 284 2240 82.
303 2175 387 2242 Sicci
400 2190 490 2262 terga
504 2176 569 2238 suis
586 2176 657 2238 rard
673 2173 849 2262 pendentia
862 2190 949 2237 crate

230 2305 233 2310 ·
297 2270 407 2334 ,Moris
422 2286 490 2338 erat
508 2269 773 2358 quondamsestis
788 2269 1062 2356 seruientium]
1122 2345 1125 2356 .

224 2420 271 2480 Sic
284 2419 406 2480 Ovidius
421 2419 528 2478 lamen
541 2418 694 2490 describit,
707 2419 760 2480 lib.
773 2423 845 2478 VIII
856 2419 1085 2498 Metamorphos.

355 2537 459 2586 Ventris
469 2547 520 2586 erat
528 2554 575 2604 pro
584 2548 670 2586 ventre
679 2538 765 2585 locus
774 2537 882 2602 pendere
891 2545 992 2602 putares

356 2618 461 2677 Peotds,
470 2628 517 2666 eta
527 2620 605 2684 spinae
615 2618 790 2672 tantummodo
802 2629 869 2672 crate
882 2617 978 2680 teneri,

182 2724 283 2797 idest,
295 2723 423 2782 acostis.
436 2717 597 2802 Virgilius.

356 2837 511 2905 Transadigit
520 2850 600 2888 costas
613 2847 637 2887 et
651 2850 728 2887 crates
739 2840 847 2903 pectoris
857 2853 923 2887 ense»

182 2945 220 3002 Et
240 2941 438 3004 Tertullianus
464 2943 501 3000 de
527 2943 750 3001 Resurrectione
778 2943 871 3000 carnis
900 2941 1072 3000 cadaverum
1100 2955 1193 3003 crates

183 3053 343 3100 memorat:
363 3039 394 3098 id
408 3023 638 3118 est'ergo,terga
655 3041 714 3096 suis
734 3037 791 3096 sale
813 3040 910 3096 siccati
930 3035 1012 3096 costis*
1024 3035 1201 3116 pendentia.¹

183 3139 327 3196 Caeterum
337 3180 345 3208 ,
357 3125 459 3194 debuit
472 3135 568 3194 dicere
582 3133 775 3206 luvenaliss
763 3157 792 3192 m
787 3137 894 3210 festos
910 3137 971 3192 dies
989 3155 1116 3207 servare,
1132 3155 1193 3194 non

175 3233 265 3308 sestis
280 3235 395 3316 deisbus,
411 3251 477 3310 quse
491 3231 603 3292 locutio
625 3253 729 3314 parum
748 3231 849 3290 Latina
867 3244 927 3304 est,
940 3231 996 3290 uisi
1014 3233 1087 3290 forte
1102 3252 1192 3344 appo·

183 3331 281 3386 nenda
295 3328 459 3416 subaudias
481 3329 518 3392 Η.

180 3502 212 3542 v.
234 3477 306 3544 105.
333 3526 341 3544 .
367 3467 380 3542 .’
401 3525 549 3542 .....
573 3475 616 3564 Et
632 3478 776 3566 geminos
794 3477 855 3541 snb
874 3498 955 3565 rupe
974 3476 1144 3560 Quirinos,

215 3581 217 3588 ’
330 3576 380 3638 Ac
393 3573 514 3638 nudam
527 3572 668 3663 effigiem
686 3575 800 3662 clypeo
817 3576 969 3637 neumatis
984 3587 1016 3636 et
1033 3571 1142 3652 hasti,

332 3667 569 3760 Pendentisque
584 3670 643 3734 Dei
659 3670 804 3758 perituro
821 3667 1005 3736 ostenderet
1022 3667 1141 3756 hosti]

224 3826 269 3881 Ita
289 3805 447 3891 Pithoeus,
465 3819 494 3878 'et
519 3820 681 3899 Rigaltius,
703 3807 837 3881 etvetus
863 3820 1005 3898 interpres
1027 3817 1194 3888 luvenalis3

177 3919 398 4002 Raphelengius
418 3918 522 3990 etiam,
536 3917 663 3993 effigiem
685 3919 787 3993 clypeo
806 3917 947 3976 vendatis
965 3915 1116 3987 at'tlattd,
1137 3914 1198 3972 uisi
1245 3939 1247 3944 ·
