2818 4654
447 355 449 364 '
536 343 680 412 VITA.
1075 359 1112 430 17

171 537 173 546 Ι
222 477 242 514 Η
283 467 347 518 cum
358 471 409 535 jam
422 469 595 522 semianimum
607 473 726 522 laceraret
739 468 934 520 Flsrinsorberr
1046 509 1050 526 .

286 548 411 608 Ultimus,
425 561 454 600 et·
464 551 536 598 calvo
550 552 654 600 serviret
667 553 748 599 Rome
759 549 862 598 Neroni.

108 649 176 706 llaec
188 648 278 706 verba
290 650 328 708 ad
341 654 459 708 exilium
477 657 571 730 po‘e'tae
590 652 691 712 retulit
703 665 787 712 vetus
806 651 982 710 scholiastes.
996 653 1120 724 Propter
1142 701 1146 714 ,

110 748 203 820 quod,
213 746 324 824 inquit,
334 751 387 806 sub
397 752 491 826 specie
502 751 617 808 lionoris
628 754 769 826 relegatus
780 764 825 806 est
834 751 879 806 ad
886 748 1009 806 cohortis
1017 765 1118 804 summ
1230 809 1231 816 .

111 843 139 896 in
149 845 300 918 Aegypto,
314 847 416 915 Hoasa
422 887 433 916 ,
448 846 497 900 ubi
506 860 634 904 mortuus
643 859 693 906 est.
707 845 765 904 Sed
778 845 878 902 mitius
890 843 1008 922 fingitur
1018 842 1121 900 Domi·

112 939 187 994 tiani
192 981 202 1008 ‚
217 935 308 1015 quim
321 939 394 1010 tuit,
408 941 575 1018 ingenium,
587 938 657 1000 ciam
668 941 755 1000 verbe
768 941 818 1000 ille
831 943 919 998 exilio
934 939 1048 1017 expiata
1059 957 1121 1001 ett-

113 1035 206 1104 dunt‚
223 1048 252 1093 et
273 1037 394 1113 quidem
415 1041 471 1094 tati
489 1041 595 1106 exilio,
611 1037 694 1115 quod
713 1041 836 1114 speciem
854 1037 974 1096 haberet
989 1036 1121 1104 donans,

113 1132 193 1210 quod
201 1135 382 1210 proefectum
396 1136 495 1213 potius
514 1133 604 1213 qu'am
623 1137 741 1192 erilium
759 1134 964 1213 appellaretur.
981 1133 1048 1192 Fuit
1060 1132 1124 1210 qui-

112 1229 179 1288 dem
189 1231 338 1290 Juvenalis
351 1232 382 1290 in
395 1234 483 1290 exilio
494 1275 504 1302 ‚
520 1233 608 1290 etiam
619 1232 649 1288 in
661 1235 791 1308 Aegypto
798 1275 809 1302 ,
823 1245 856 1296 ut
868 1253 884 1290 e
896 1231 1053 1308 nunejus
1065 1228 1125 1288 col·

112 1328 213 1405 ligitur
223 1330 289 1398 XV,
303 1349 332 1385 v.
349 1329 386 1397 45
399 1351 406 1385 ε
420 1349 480 1388 non
494 1341 591 1388 tamen
608 1340 685 1386 certe
699 1329 753 1386 sub
767 1331 945 1396 Domiabno.
962 1329 1058 1384 Immo
1071 1328 1125 1382 Ju-

115 1423 245 1482 venalem
259 1425 291 1481 in
306 1425 369 1504 ipsa
384 1425 510 1482 Suburm
526 1438 668 1484 memorat
687 1423 825 1488 Martialis
843 1425 939 1502 (epig.
953 1425 1030 1492 llll,
1049 1420 1083 1478 sil
1093 1419 1124 1496 ),

114 1545 190 1588 anno
201 1540 357 1606 postquam
367 1529 399 1586 in
410 1530 532 1607 patriam
543 1529 673 1588 rediisset
686 1529 786 1606 (quod
797 1528 911 1607 Trajsni
922 1527 1008 1586 tertio
1019 1543 1125 1584 oonsu-

109 1622 171 1682 latu
189 1625 335 1702 factum),
350 1625 388 1684 ed
405 1626 560 1684 minimum
578 1644 641 1684 aerae
656 1635 762 1682 nostr-se
781 1623 949 1684 Christisnae
962 1625 1044 1691 cm,
1057 1631 1126 1699 post

110 1719 222 1778 caedem
240 1723 406 1778 Domitiani
424 1725 505 1780 VIII
521 1743 531 1778 .·
555 1718 624 1780 cion
645 1733 743 1780 temen
763 1721 851 1778 tseds'o
872 1733 903 1778 et
920 1737 1028 1794 angore
1046 1715 1126 1796 (exi-

108 1815 141 1874 lii
154 1817 285 1894 scilicet)
299 1832 440 1884 mensum
454 1821 577 1877 testetur
586 1818 653 1876 vitae
666 1827 768 1876 auctor
781 1834 954 1894 anonymus.
965 1819 1127 1891 Nunquam

108 1913 230 1972 redierit
243 1926 376 1991 oportet,
392 1915 452 1992 qui,
464 1917 553 1972 toedio
571 1916 653 1970 exilii
669 1930 700 1971 et
717 1933 825 1989 angore
836 1915 881 1970 'sit
901 1924 1037 1968 mortuus.
1052 1909 1127 1966 Fieri

108 2010 273 2074 tamenvix
287 2012 384 2088 potuit
398 2011 472 2088 quin
487 2013 602 2066 redierit
608 2052 619 2079 ,
638 2014 734 2070 Nerva
748 2010 849 2068 exules
862 2019 1011 2066 remeante
1018 2049 1028 2076 ,
1045 2007 1097 2084 qui
1110 2026 1129 2064 a

105 2110 285 2186 Domitsbno
305 2107 406 2184 suisset
425 2093 586 2185 relegatus,
601 2109 625 2164 si
638 2107 768 2185 ¹quidem
785 2107 951 2166 Domitiano
964 2105 1067 2164 luisset
1076 2122 1128 2164 su-

96 2217 233 2283 perstes.
246 2203 408 2260 Praesertim
420 2203 471 2260 ille
481 2246 489 2272 ‚
501 2205 554 2279 qui
563 2223 620 2276 per
631 2206 754 2276 speciem
767 2204 881 2258 honoris
894 2202 1068 2260 exulaverat.
1082 2205 1128 2260 Ita

102 2310 252 2382 pugnant
263 2298 380 2369 omnia,
394 2317 461 2376 quo
475 2298 573 2356 minus
585 2310 652 2356 vert
672 2317 733 2356 esse
751 2298 843 2376 possit
859 2312 974 2377 recepta
991 2297 1041 2357 illa
1059 2319 1128 2358 sen·

103 2396 217 2456 tentia.

148 2491 215 2554 Sed
226 2509 297 2550 vero
307 2511 324 2548 e
333 2493 448 2550 Sidonii
453 2490 510 2550 illo.
517 2491 683 2549 testimonio
695 2489 824 2570 pendent
831 2491 939 2570 recepti
948 2491 991 2550 illi
1002 2511 1128 2566 errores,

104 2687 320 2759 manifestum,
333 2681 484 2764 ut'putat,
500 2684 598 2744 saida
618 2680 947 2764 auctorisqne'veteris‚
961 2689 1015 2764 qui
1035 2691 1129 2745 vitam
1239 2711 1244 2718 ·

103 2787 262 2844 Iuvenalis
274 2782 462 2862 conscripsit,
475 2782 615 2860 Ryckins.
631 2783 722 2860 Atqui
735 2781 890 2840 nonidens
902 2782 1005 2841 dicunt
1018 2783 1079 2855 illi,
1094 2795 1129 2840 nt

49 2869 53 2877 ¹
102 2877 381 2951 mos-videbimus,
396 2879 476 2958 quod
491 2891 575 2958 putat
591 2877 642 2937 ille
658 2878 763 2937 dicere
772 2879 937 2938 Sidonium.
953 2883 1016 2959 Ego
1030 2882 1129 2960 potius

102 2979 244 3040 vicissim
256 2998 293 3036 ex
306 2981 362 3034 illis
378 2975 584 3055 explicandum
598 2975 732 3034 existimo
747 2978 905 3033 Sidonium.
923 2978 1083 3038 sinautem
1098 2997 1128 3037 se

99 3098 169 3136 rem
184 3073 273 3134 illam
285 3069 377 3132 totar'n
390 3069 525 3130 habuisse
539 3091 654 3130 censeo.
669 3075 751 3129 Esus
762 3085 822 3130 erat
833 3116 841 3144 ‚
854 3074 897 3131 uti
908 3074 969 3152 jem
983 3075 1060 3146 dixi,
1074 3079 1128 3134 Ju-

101 3175 241 3242 venalis,
257 3167 462 3229 eitm'satiram
483 3170 622 3227 scriberet
642 3171 707 3227 XV.
729 3171 792 3227 Hoc
814 3169 967 3228 confirmat
988 3173 1075 3228 etum
1096 3171 1127 3229 in

100 3289 132 3326 v.
150 3289 206 3342 ²7·
223 3265 401 3334 scholiastes
410 3269 479 3323 :ssDe
492 3285 541 3335 se,
557 3265 671 3342 inquit,
685 3266 835 3321 sasenates
847 3266 932 3336 dicit,
948 3267 1017 3342 quia
1031 3267 1061 3324 in
1072 3269 1127 3324 Ae·

99 3377 214 3442 gypso·
227 3365 345 3420 militem
367 3365 475 3431 tenuit,
491 3361 524 3417 'et
541 3381 577 3418 ea
590 3363 738 3437 promittit
753 3379 785 3417 se
807 3363 962 3419 relaturum
980 3382 1047 3439 quae
1068 3366 1129 3440 ipse

102 3464 191 3520 cidit.
202 3455 333 3519 Proinde
340 3455 531 3536 rix'aeilli'ipse
540 3457 635 3516 adfuit
643 3469 753 3535 ,'quam
764 3455 902 3516 describit
913 3460 989 3518 inter
997 3461 1128 3520 Ombitas

102 3570 135 3616 et
149 3551 336 3634 Tentyrites.
350 3557 479 3632 Tempus
493 3566 592 3612 autem
610 3555 671 3632 ipse
689 3553 849 3632 designarit
865 3553 934 3612 rixae
951 3553 1048 3631 illius,
1060 3562 1128 3619 etim

103 3665 136 3711 et
157 3647 264 3728 nuper
284 3649 365 3708 illam
392 3649 545 3727 contigisse
567 3649 658 3719 dicit,
677 3662 707 3707 et
734 3649 854 3726 quidem
880 3653 1001 3710 Consule
1021 3658 1126 3728 Iunio,

104 3763 160 3808 sat.
169 3750 254 3816 XV,
268 3765 316 3818 27.
331 3745 398 3805 Scio
413 3744 551 3822 quidem,
567 3745 872 3818 l'incum‘nonnnlloS‚
884 3751 1008 3806 Juncum
1017 3751 1088 3810 alios
1099 3755 1130 3811 in

103 3847 178 3906 loco
190 3843 253 3902 illo
262 3842 367 3920 legere.
378 3841 414 3899 ld
426 3858 546 3920 quoque
559 3841 638 3911 scio,
652 3841 684 3900 in
697 3841 951 3920 inscriptionibus,
963 3865 1023 3906 non
1033 3861 1130 3906 nmen

102 3943 227 4004 borum
250 3950 441 4020 temporum,
463 3955 616 3998 occurrere
634 3938 790 3996 Aemilium
811 3939 945 4015 Iussum.
969 3943 1045 4014 sed,
1065 3943 1132 4024 qui-

937 4059 954 4105 2
