2924 4662
248 289 311 438 ila
470 355 613 422 VETT.
642 351 1015 422 quMuNttuu

285 485 322 540 V.
336 481 364 539 3.
374 481 575 538 Bacchanalia
584 482 707 550 cicant]
721 478 882 541 mutuose
892 477 1010 538 vivunt:
1022 475 1054 536 id
1065 489 1125 548 est,
1136 477 1189 556 qui
1200 477 1257 538 suls

245 581 385 658 ligmemo
398 577 573 646 severitatis,
588 588 656 634 sunt
669 573 822 654 impudici.
838 577 913 634 Nam
926 593 1006 635 sacra
1020 573 1204 635 Bacchanalia
1219 595 1257 636 ex

241 677 281 736 iis
290 674 484 734 condemnata
493 685 562 732 mut
572 673 634 751 (ι),
647 669 716 732 clim
730 672 887 750 probatum
900 684 976 732 esset
988 673 1101 732 senatui
1112 672 1257 734 nonem

244 774 331 834 ulmos
346 772 468 830 feminas
481 770 519 828 ad
533 769 666 828 Stimulae
677 769 740 828 dee
751 767 854 828 lucum
866 768 943 834 laede
954 768 1121 828 adulterari.

282 879 318 934 V.
335 876 363 933 6.
379 878 560 934 An'etotelcm
576 877 728 944 samara]
748 873 912 932 Aristofflis
933 874 1090 952 imaginem
1110 874 1253 949 similem,

242 986 276 1032 ul
289 985 423 1032 mmm·
712 1029 715 1032 .

280 1080 319 1135 V.
336 1099 365 1150 7.
378 1079 534 1147 Plateam]
548 1075 724 1136 Amutrium.

281 1186 318 1241 V.
336 1203 382 1240 ro.
403 1185 484 1240 Inter
497 1183 680 1252 Socraticae]
694 1180 903 1259 Aristophanes
924 1180 1029 1240 lacerat
1048 1185 1212 1255 Socratem,
1224 1198 1255 1242 et

242 1279 404 1358 discipulos
413 1278 523 1358 ipsius:
538 1276 607 1337 oiim
622 1279 659 1336 sit
671 1289 701 1336 et
715 1280 777 1356 ipse
790 1279 873 1356 pejor
885 1277 1042 1357 plerisque.

280 1388 318 1444 V.
336 1388 381 1444 13.
394 1387 510 1443 Medico
522 1388 653 1456 rideam]
665 1389 740 1444 Nam
750 1385 929 1444 invenientes
940 1386 1035 1465 stupri
1043 1385 1177 1465 raugia,
1190 1401 1254 1445 me*

242 1482 301 1542 dici
314 1481 419 1540 rident.
1086 1487 1089 1493 '

281 1589 319 1644 V.
336 1588 380 1645 16.
392 1587 581 1657 Politorium]
590 1589 707 1646 Nomen
718 1585 867 1664 archigalli
875 1587 993 1656 oinaedi,
1003 1605 1091 1665 quem
1101 1587 1256 1666 magulnm

241 1695 466 1760 conspurcatum
487 1681 630 1755 dicimus,
645 1684 698 1759 qui
720 1681 839 1760 publice
860 1681 1074 1761 impudicitiam
1097 1701 1253 1762 perpessus

241 1780 306 1858 est(
326 1777 347 1855 ).
817 1794 819 1798 ’

276 1889 315 1942 V.
333 1903 380 1943 21.
399 1885 518 1942 Clunem
532 1885 666 1960 agitant]
681 1884 728 1942 Ad
742 1883 914 1962 patiendum
925 1897 1070 1963 stuprum.
1205 1961 1209 1966 1

278 1989 355 2052 Ibid.
376 1991 546 2060 Comatam]
559 1987 737 2047 inclinatum
750 1989 787 2048 nd
802 2002 954 2069 stuprum,
968 2002 998 2048 et
1010 1992 1209 2052 sustinentem.

277 2095 354 2154 Ibid.
367 2097 474 2166 Sexte]
489 2098 620 2154 Senator.

178 2267 181 2278 ,
276 2204 313 2261 V.
330 2204 590 2280 23.Lor1'pedem.]
606 2201 745 2262 Solutum
757 2202 901 2282 pedibus„
913 2215 964 2262 aut
974 2203 1080 2262 curvis.

278 2313 314 2368 V.
331 2329 377 2383 ²7·
397 2311 534 2384 Clodius]
550 2309 672 2372 Clodius
683 2313 716 2372 C.
729 2311 849 2372 cesaris
862 2329 985 2372 uxorem
998 2310 1029 2368 in
1041 2311 1152 2390 templo
1164 2311 1249 2382 boote

238 2409 306 2464 Deae
317 2405 510 2466 adulteravit:
526 2419 555 2466 et
568 2406 638 2466 licet
651 2407 798 2466 Ciceronis
812 2405 979 2468 testimonio
989 2419 1139 2486 gravatus,
1151 2420 1251 2472 umen

238 2501 390 2560 absolutus
405 2515 457 2560 est.
475 2501 575 2560 Sedet
590 2502 735 2560 Clodius*
749 2502 843 2562 frutus
858 2502 1019 2565 Domitiani
1037 2503 1126 2564 lilium
1139 2487 1248 2563 lulium

236 2599 268 2656 in
287 2598 431 2656 adulterio
447 2611 609 2676 sumpserat
626 2596 859 2669 maritam,ci1m
879 2599 942 2680 ipse
962 2597 1000 2658 de
1016 2599 1156 2660 adulteris
1170 2600 1249 2682 leges

236 2695 429 2752 severissimas
444 2693 652 2771 promulgaret.

274 2794 312 2848 V.
326 2792 373 2850 αθ.
388 2792 532 2868 Discipuli
544 2797 620 2862 tres]
635 2793 744 2861 Caesar,
759 2792 932 2871 Pompeius,
946 2797 1082 2867 Crassus,
1094 2795 1146 2872 qni
1157 2795 1248 2857 Sulloe

235 2889 317 2945 fuere
328 2887 479 2966 discipuli,
492 2901 544 2946 aut
555 2899 633 2948 certe
647 2895 814 2967 Augustus,
829 2889 974 2968 liupoldus,
986 2889 1133 2950 Antonius
1141 2893 1248 2952 trium-

234 2985 306 3057 viri,
318 2986 371 3063 qui
385 3005 437 3064 per
449 2997 603 3045 cruentum
618 2985 714 3045 foedus
723 2987 835 3066 juncti,
851 2988 920 3044 cum
934 2987 1147 3067 rempublicam
1160 2990 1246 3050 invu-

235 3082 354 3153 sissent,
370 3081 482 3141 Sullam
498 3083 620 3153 imitati‚
638 3093 787 3152 senatum,
800 3093 830 3139 ct
847 3093 1013 3160 equestrem
1028 3085 1161 3146 ordinem
1177 3105 1247 3166 pro-

234 3179 383 3256 scripsere.

272 3281 307 3334 V.
325 3296 373 3352 29·
389 3278 492 3348 Qualis
505 3288 570 3332 erat
581 3277 712 3352 tragico]
729 3274 838 3348 Idest‘,
851 3276 1000 3338 scelerato.
1014 3277 1170 3340 Claudium
1183 3283 1246 3339 Cae-

233 3392 326 3431 sarem
349 3371 440 3441 dicit,
457 3372 509 3449 qui
532 3371 627 3429 occisa
648 3371 802 3430 Messalina
812 3387 828 3444 ,'
838 3363 962 3433 uxorem
982 3375 1245 3453 impudicissimum

116 3513 123 3520 -
232 3469 423 3548 Agrippinam
437 3468 537 3548 hams,
545 3467 675 3554 germani
689 3481 812 3528 matrem
824 3473 965 3543 Neronis,
978 3486 1140 3532 revocatam
1152 3474 1192 3534 ab
1201 3476 1250 3532 ins
1351 3510 1355 3514 ,

230 3565 310 3636 sula,
322 3566 352 3623 in
364 3565 583 3624 matrimonium
594 3567 721 3643 accepit3
734 3585 872 3626 concesso
880 3569 949 3648 jure
958 3567 1061 3628 talium
1072 3570 1244 3649 nuptiarum

231 3681 269 3722 ex
279 3663 337 3720 SC.
347 3681 435 3739 quam
445 3661 518 3736 dicit
528 3662 616 3724 etiam
627 3663 795 3740 frequenter
806 3665 943 3738 abortum
954 3665 1071 3740 iecisse,
1083 3685 1120 3724 ne
1132 3685 1168 3724 ex
1179 3669 1243 3746 ipso

232 3756 406 3818 coheredem
420 3758 528 3819 Neroni
542 3757 603 3816 filio
618 3772 748 3836 pareret,
762 3761 810 3818 cui
824 3759 875 3818 illa
888 3762 1058 3840 preparavit
1073 3756 1241 3841 imperium.

270 3857 309 3913 V.
326 3853 373 3926 37.
388 3857 453 3910 Lan
465 3856 570 3925 Iulia]
582 3853 655 3912 lolii
669 3857 788 3914 Guntia
799 3855 837 3918 de
848 3856 1020 3916 damnandis
1030 3857 1195 3917 adulteris.¹

263 3949 309 4008 V.
320 3957 367 4022 to.
384 3949 499 4008 >Tettius
512 3969 539 4010 c.
555 3969 579 4008 c.
597 3971 623 4010 c.
638 3953 738 4036 pato]
750 3951 841 4012 Multi
855 3951 976 4042 fluerunt
989 3953 1131 4028 Catones,
1144 3974 1163 4014 e
1175 3955 1244 4034 qui·
