2924 4662
300 450 365 536 ιρι
514 447 668 516 terr.
696 447 1099 528 oonmnurnnn,

298 574 387 634 debet
402 573 469 652 quir
486 586 610 634 mortem
629 575 670 634 sic
689 573 823 648 horrere,
839 589 873 635 ut
890 578 922 637 in
939 598 1025 638 arena
1043 598 1073 638 oe
1090 577 1183 648 locet,
1196 579 1248 640 ted
1264 590 1300 640 ut

297 671 421 728 mimum
435 683 508 749 agat.
1300 731 1305 740 .

336 769 372 822 V.
389 785 453 877 197.
463 769 525 822 Res
540 767 623 824 haud
638 769 732 839 mira]
750 771 818 827 Non
836 781 880 827 est
898 713 999 848 turpe,
1013 770 1160 842 nobilem,
1175 773 1298 832 nrimutn

296 880 396 938 agere,
411 859 483 920 cinn'
493 863 555 942 ipse
569 865 729 940 Imperator
747 863 922 924 citharoedus
938 868 992 936 eit,
1008 879 1038 932 et
1056 867 1087 924 ιιι
1105 887 1188 926 scena
1202 881 1300 927 canta·

295 959 377 1014 verit.
391 962 457 1016 Non
471 971 515 1016 est
527 959 652 1030 mirum,
666 960 690 1016 ιι
708 959 769 1018 haec
787 961 899 1019 mavult
917 961 1066 1039 sequendo
1086 961 1202 1022 ludium
1216 965 1298 1042 prin-

295 1054 392 1132 cipem
407 1051 497 1132 quim
511 1055 602 1124 mori,
617 1055 735 1132 quando
751 1057 848 1135 ipsum
864 1057 993 1117 imitatur
1004 1061 1159 1117 Neronem.

335 1153 370 1206 V.
385 1171 449 1228 199.
459 1155 523 1210 Nec
531 1154 710 1208 mirmillonu-
716 1155 746 1208 in
756 1156 865 1224 amic]
874 1153 1012 1211 Mirmillo
1019 1167 1170 1213 armaturae
1180 1155 1297 1216 Gallicae

294 1265 417 1317 nomen,
430 1235 465 1306 eri
476 1247 554 1326 pisce
565 1247 710 1320 inditum,
722 1251 806 1328 cujus
817 1250 911 1327 imago
923 1249 953 1307 in
963 1250 1042 1328 galea
1052 1251 1179 1330 lingitur.

333 1349 368 1402 V'.
386 1363 452 1402 200.
470 1345 622 1420 Autfalce
637 1347 779 1422 supine]
790 1345 935 1404 Thracum
952 1360 1094 1407 armatura
1110 1349 1296 1430 intelligenda

294 1453 351 1508 est,
364 1439 471 1518 quibus
484 1440 637 1520 proprium
650 1441 741 1499 telum
754 1441 812 1498 sica
825 1453 876 1500 est.

332 1539 368 1592 V.
384 1556 450 1593 202.
464 1539 563 1593 Movet
577 1555 641 1592 ecce
655 1538 824 1608 tridentem]
842 1535 1034 1610 Infamise1t‚
1049 1536 1124 1597 sicut
1137 1538 1302 1618 gladiatore

293 1644 345 1690 aut
363 1631 590 1712 indicatumaut
606 1632 693 1690 verba
712 1643 780 1692 eunt
801 1633 923 1692 Gracchi
943 1635 1102 1714 epementis
1121 1615 1304 1698 armaturam

294 1730 441 1788 secutoris.

332 1830 368 1884 V.
390 1827 455 1884 206.
478 1826 635 1884 Credamus
656 1827 783 1900 tumere]
806 1825 947 1886 Tunicam
968 1823 1006 1885 de
1025 1825 1157 1902 faucibus
1175 1830 1295 1907 quidam

294 1935 401 1982 vestem
416 1920 615 2001 gladiatoriam
633 1919 751 1995 dicunt,
766 1941 854 2002 quom
873 1923 1016 1982 fibulam*
1028 1927 1196 2003 pugnaturis
1213 1946 1296 1985 mor-

292 2021 373 2080 dcta
391 2020 531 2078 faucibus.
551 2020 627 2092 Alii,
639 2040 696 2099 qua
717 2019 794 2078 Galli
813 2029 937 2078 utuntur
956 2019 988 2078 in
1006 2021 1107 2092 sacris,
1125 2020 1155 2078 in
1172 2013 1304 2081 modum

293 2119 392 2199 organi
409 2118 557 2196 utrimque
578 2115 882 2196 decrescentibus(12)
895 2115 1015 2194 virgulis
1035 2119 1208 2196 purpureis:
1228 2139 1295 2177 nam

293 2215 407 2276 fortuiti
425 2226 493 2272 sunt
507 2213 599 2272 veluti
616 2214 811 2274 indicantibus
830 2225 941 2290 partem
961 2213 1090 2292 corporis
1109 2234 1171 2272 esse
1189 2199 1304 2294 ampo-⁸

292 2313 426 2372 tandum:
441 2311 473 2369 hi
487 2311 570 2370 dubii
583 2310 727 2369 habebant
746 2312 797 2390 qui
815 2329 936 2368 munera
950 2309 1092 2382 edebant,
1107 2323 1141 2369 ut
1156 2325 1295 2370 extremas

292 2421 386 2487 portes
399 2408 505 2466 tunicae
518 2407 556 2464 ad
570 2419 671 2485 guttur
686 2390 838 2478 ornarent,
851 2427 910 2490 quo
925 2407 1047 2464 formam
1058 2406 1207 2466 haberent.

331 2510 366 2562 V.
381 2524 447 2578 207.
463 2507 502 2560 Et
517 2505 601 2577 longo
607 2504 734 2573 jactetur
744 2506 822 2578 spira
835 2506 956 2578 galero]
974 2501 1072 2572 Pileo‚
1083 2523 1172 2582 quem
1188 2503 1294 2562 habent

291 2601 406 2659 retiarii.
424 2598 545 2656 Galerue
565 2611 609 2655 est
628 2598 750 2656 humero
769 2599 922 2677 impositus
942 2598 1107 2676 gladiatoris
1126 2598 1295 2678 hujusmodi

291 2694 414 2774 aliquid,
427 2715 486 2772 quo
495 2694 579 2751 citius
589 2712 719 2772 sparsum
729 2694 843 2765 funem,
852 2694 898 2750 vel
906 2696 1045 2773 jactatum
1053 2694 1158 2752 retium
1169 2693 1294 2772 colligat.

331 2793 366 2846 V.
384 2809 450 2846 211.
466 2791 604 2848 Senecam
616 2791 763 2866 praeferre
779 2791 912 2860 Neroni]
932 2788 1112 2866 lgnobilem‚
1131 2789 1181 2847 sed
1197 2790 1294 2847 virum

291 2886 412 2945 bonum.

330 2987 366 3039 V.
382 3002 447 3040 212.
465 2985 550 3056 Cujus
561 2985 720 3060 supplicio]
735 2983 797 3040 Hoc
811 2981 895 3051 ideo,
908 2982 977 3060 qnia
990 2983 1139 3060 parricidis
1152 2982 1183 3040 in
1197 2982 1294 3041 culleo

291 3078 410 3149 clausis,
422 3079 460 3136 ad
470 3099 586 3157 poenam
600 3079 680 3136 simia
695 3091 724 3135 et
737 3089 885 3156 serpentes·
892 3079 976 3157 jungi
990 3079 1129 3136 solebant.
1142 3081 1169 3134 A
1179 3081 1295 3136 Nerone

291 3187 389 3234 autem
408 3188 499 3232 mater
515 3176 608 3232 occisa
623 3186 683 3245 est,
698 3186 727 3231 et
744 3175 846 3244 amita,
859 3187 889 3233 et
905 3193 998 3244 uxor,
1014 3187 1044 3232 et
1062 3175 1171 3232 Antoni
1190 3173 1295 3233 Claudi

290 3271 341 3330 itta
348 3291 434 3349 ‚quae
448 3270 491 3328 illi
500 3292 553 3349 pro
567 3270 670 3328 harum
683 3283 776 3328 morte
786 3271 848 3349 (13)
860 3263 970 3330 nubere
984 3271 1089 3329 noluit.
1099 3271 1157 3329 Sed
1168 3273 1296 3349 apertius

291 3368 366 3426 dixit
373 3367 503 3446 ‚quiaet
516 3379 637 3424 matrem
651 3366 790 3423 occident
801 3377 831 3424 et
842 3385 963 3424 uxorem
973 3355 1139 3438 Octaviam,
1152 3361 1295 3424 eamdem·

291 3485 349 3541 que
370 3484 498 3521 sororem
520 3463 700 3542 adoptivam,
718 3475 747 3520 et
767 3463 963 3521 Britannicum
984 3464 1103 3522 fratrem
1124 3462 1296 3541 adoptivum

291 3559 386 3618 filium
399 3558 512 3617 Claudii
525 3560 655 3637 peremit.

330 3660 366 3712 V.
383 3655 448 3712 215.
465 3657 581 3732 Quippe
592 3657 641 3712 itte
654 3657 719 3713 niis
732 3658 912 3726 auctoritem]
925 3658 1054 3725 Orestes,
1068 3655 1120 3733 qni
1133 3668 1163 3713 et
1173 3665 1297 3712 matrem

291 3751 414 3818 occidit,
427 3749 478 3808 aed
493 3763 526 3807 ut
541 3763 652 3827 patrem
664 3749 853 3808 ulcisceretur
862 3764 895 3808 et
908 3750 1084 3809 detenderet.

329 3851 365 3904 V.
381 3866 447 3919 217.
461 3850 521 3901 Aut
531 3848 671 3921 Spartani
682 3848 915 3922 sanguineoonj.]
930 3848 1058 3918 Helene,
1071 3846 1119 3905 vel
1129 3845 1297 3904 Hermione.

329 3947 364 4001 V.
381 3961 447 3999 220.
465 3943 567 3998 Trot‘ca
585 3962 642 3998 non
661 3942 792 4016 serpsit]
811 3943 874 4000 Hoc
892 3943 978 4014 ideo,
992 3944 1062 4021 quia
1074 3941 1153 4000 Nero
1167 3941 1299 4000 Troadoo'

286 4043 378 4108 libros
401 4038 523 4125 scripsit.
545 4038 630 4101 Unde
650 4050 681 4102 et
703 4038 827 4102 maxime
847 4039 1003 4124 insanivit,
1021 4041 1094 4122 quia
1117 4043 1205 4120 potita
1230 4039 1297 4098 tuit.
