2924 4662
257 391 318 456 282
472 385 623 451 tert.
654 379 1027 456 COMMENTARII

295 513 332 567 V.
347 510 414 582 627.
433 511 490 568 Od.
504 521 588 566 nator
602 511 640 567 da
647 509 777 584 pellice]
790 512 835 568 De
847 509 944 587 priore
955 527 1063 577 uxore,
1074 517 1127 565 aut
1139 516 1217 564 certe
1227 504 1266 562 de

258 625 360 666 amica.
1294 647 1297 655 .

298 705 334 759 V.
349 702 416 759 628.
431 704 500 758 lam
507 701 574 772 jam
579 703 770 776 privignum]
784 697 960 778 Exemplum
973 711 1002 757 et
1015 701 1046 758 iu
1057 697 1265 776 Agrippinam,

259 817 325 875 quae
336 797 502 874 privignum
516 815 603 854 suum
617 797 814 854 Britannicum
825 815 937 864 veneno
949 795 1077 866 necavit,
1090 806 1125 852 ut
1137 793 1198 852 filio
1212 811 1266 850 suo

256 893 367 958 Neroni
379 893 524 950 conferret
536 892 703 969 imperium.

298 993 335 1047 V.
352 991 419 1048 630.
431 993 471 1047 Et
479 991 554 1044 nulli
562 991 669 1046 credite
680 994 811 1059 mentm]
825 989 888 1046 Nee
901 997 1048 1046 materne.

298 1088 336 1140 V.
348 1085 415 1142 631.
424 1086 528 1143 Lt'u'da
540 1085 613 1159 aas.
627 1086 771 1159 aduam]
782 1081 887 1141 Dulcia
896 1083 1040 1162 placento,
1049 1099 1161 1140 veneno
1171 1079 1268 1158 plena.

300 1181 376 1240 lhid.
391 1184 494 1238 Livtda
510 1195 642 1240 materno
649 1181 680 1254 s.
697 1183 747 1238 ad.
765 1187 843 1252 uem]
853 1179 1103 1252 nividutuhrica,
1113 1179 1195 1238 dulei
1209 1177 1271 1236 sai-

262 1278 327 1335 fusa
339 1295 436 1335 succo.
451 1279 621 1355 Sequuntur
632 1276 696 1335 duo
706 1276 860 1334 versiculi:

438 1410 552 1480 Mordeat
560 1421 616 1458 anto
625 1409 727 1474 aliquis,
738 1409 861 1474 quidquid
871 1408 1007 1474 porrexerit
1015 1407 1057 1455 illa

438 1491 501 1552 Quae
509 1491 620 1558 peperit,
630 1491 730 1540 timidus
738 1501 869 1556 praegustet
878 1490 967 1555 peruls
976 1505 1076 1555 pappus.

265 1594 323 1664 Qui
338 1594 369 1650 in
383 1593 447 1650 aliis
458 1613 518 1651 non
533 1605 609 1650 sunt.
894 1609 900 1622 ⁴

304 1710 340 1761 V.
352 1707 420 1775 634.
432 1709 600 1782 Fingimus]
613 1706 859 1784 Anthypophora:
871 1707 950 1766 dices
959 1706 1050 1775 forte,
1061 1704 1142 1783 qnhd
1154 1703 1189 1762 de
1200 1725 1269 1783 pro·

265 1801 362 1878 posito
378 1821 525 1878 egressus,
540 1803 653 1860 satiram
669 1801 780 1872 dimisi,
793 1815 822 1860 et
839 1802 876 1860 ad
896 1802 1066 1882 tragoediam
1079 1821 1126 1860 me
1139 1801 1271 1872 contuli,

266 1897 376 1976 fingens
390 1897 477 1955 dicta.
490 1898 545 1956 Sed
557 1899 659 1958 Pontia
673 1919 732 1958 non
746 1911 830 1978 negat
845 1919 874 1958 se
890 1900 999 1958 fecisse.
1016 1899 1108 1978 Igitur
1120 1897 1199 1980 quod
1209 1901 1268 1969 ait,

266 1994 361 2072 legem
376 1995 526 2076 priorum,
541 1994 572 2052 id
588 2007 647 2067 est,
663 1997 754 2054 satirae
768 1996 932 2076 propositae.

305 2094 343 2147 V.
358 2091 425 2148 636.
445 2093 561 2148 Grande
572 2094 717 2168 δομήσει]
729 2093 765 2152 ld
779 2105 838 2164 est,
849 2091 1016 2170 tragoediam
1029 2089 1189 2162 scribimus.
1266 2091 1269 2096 ’

305 2189 342 2244 V.
361 2187 428 2244 638.
443 2191 505 2246 Nos
521 2191 630 2244 aunam
648 2192 742 2260 uani]
756 2191 875 2249 Utinam
887 2185 941 2246 nos
954 2187 1010 2245 hoc
1024 2188 1228 2255 mentiremur,
1241 2199 1272 2243 et

268 2303 328 2342 non
347 2305 396 2342 rea
415 2284 483 2342 sacti
506 2285 700 2344 confiteretur.
720 2287 821 2345 Pontia
837 2286 933 2343 Publii
952 2284 1077 2343 Petronii
1091 2282 1166 2351 filia,
1182 2302 1271 2360 qimi

268 2383 345 2438 Nero
364 2382 525 2439 convictam
544 2383 574 2438 in
594 2383 713 2442 crimine
734 2383 940 2460 conjurationis
954 2380 1117 2450 damnavit,
1132 2379 1272 2436 defuncto

268 2477 372 2532 marito
384 2476 446 2553 (26)
459 2476 534 2534 filios
551 2496 619 2535 suos
631 2497 744 2552 meno
765 2468 879 2536 necass'e
899 2476 1046 2546 convicta,
1058 2495 1127 2534 cum
1140 2473 1226 2552 largis
1240 2493 1271 2531 se

269 2571 364 2649 epulis
376 2585 537 2640 onerasset,
552 2582 581 2628 et
591 2592 720 2643 veneno,
732 2573 813 2631 venis
825 2573 923 2632 incisis
934 2572 1056 2643 saltans,
1071 2571 1131 2652 quo
1146 2571 1281 2628 maxime*

269 2665 366 2724 studio
379 2665 595 2736 oblectabatur,
607 2668 746 2726 exstincta
758 2680 820 2740 est„

307 2765 344 2819 V.
361 2763 427 2830 6432
441 2765 488 2820 De
509 2758 663 2823 Cholchide
673 2785 751 2822 seraa
757 2809 767 2836 ,
787 2779 818 2822 et
828 2767 960 2842 hughe]
975 2767 1020 2824 De
1033 2764 1145 2822 Medea.
1158 2767 1271 2843 Progne

269 2857 364 2916 filiurn
377 2879 464 2918 suum
479 2859 600 2930 occidit,
613 2871 733 2940 propter
744 2881 872 2944 sororem
885 2861 1015 2934 emerito
1029 2873 1195 2940 stupratam.

313 2957 346 3016 V,
363 2957 430 3034 649.
450 2960 488 3013 Ut
496 2978 573 3014 saxa
579 2959 625 3029 ju.
639 2962 753 3035 abrup.]
766 2957 905 3038 Virgilius
918 2979 925 3012 :

446 3091 884 3143 ...armamenti-ononis.
967 3074 969 3080 ¹

309 3204 344 3258 V.
363 3199 431 3258 651.
447 3205 522 3275 (lace
539 3211 704 3278 computat}
720 3209 793 3276 Quae
809 3215 930 3282 propter
943 3204 1091 3262 avaritiam
1107 3213 1222 3282 peccat,
1237 3214 1273 3258 ut

208 3287 212 3300 ’
270 3295 425 3374 Eriphyle,
440 3297 645 3374 quam'dicunt
658 3298 743 3356 donis
761 3299 961 3371 sollicitatam,
976 3300 1113 3357 maritum
1126 3296 1271 3376 coegisse,

270 3403 305 3450 ut
316 3392 370 3452 iret
381 3392 418 3450 ad
431 3392 558 3463 bellurn,
570 3405 599 3451 et
612 3407 746 3452 mortuns
760 3407 811 3452 est.
1083 3399 1085 3406 '

308 3492 346 3545 V.
362 3488 429 3545 652.
446 3473 601 3564 Spectant]
614 3494 649 3548 ln
662 3489 774 3549 theatro
785 3493 799 3520 *
810 3492 1008 3570 par-apallium.

308 3587 347 3639 V.
362 3583 428 3640 653.
443 3586 680 3660 Sipennutatio.]
692 3590 736 3645 De
750 3588 809 3644 vita
820 3589 931 3658 mariti,
943 3601 995 3645 aut
1005 3585 1105 3645 catuli.

308 3683 344 3738 V.
361 3678 428 3735 655.
443 3681 579 3751 Belides]
595 3681 755 3753 Druides,
767 3701 834 3762 quae
846 3702 900 3762 pro
912 3695 992 3762 patre
1004 3699 1079 3755 suo,
1093 3682 1211 3741 maritos
1222 3699 1272 3738 oe·

271 3773 412 3833 ciderunt.
856 3799 866 3814 =

184 3937 185 3940 Ἴ
308 3870 384 3928 Ihid.
395 3873 489 3958 Atque
496 3873 668 3948 Eriptytoe.]
679 3873 815 3952 Eriphyle
823 3894 899 3933 uxor
906 3874 1055 3953 Euripyli,
1067 3873 1119 3931 dlii
1132 3872 1271 3952 Telephi:

270 3969 322 4046 qui
336 3967 484 4050 Telephus
500 3966 569 4028 oiim
581 3970 706 4029 venisset
721 3971 759 4030 ad
778 3971 919 4032 auxilium
936 3972 1066 4042 Priamo,
1080 3972 1212 4052 plagatus
1226 3983 1272 4030 est
1311 3961 1315 3970 ’
