2924 4662
152 291 178 342 0
249 361 251 368 ¹
392 373 445 448 IN
470 373 643 446 IUVEN.
671 369 896 444 SATIR'AM
917 375 980 442 VI
1085 463 1089 470 Ι
1122 357 1190 460 ἰ77

185 525 252 564 mm
271 527 303 565 ac
324 477 447 598 parvum
464 523 548 582 aquae
570 501 663 572 solent
683 501 815 572 mittere,
829 519 862 557 ac
878 498 958 558 velut
978 497 1097 568 ψιιόζιιι·
1116 497 1191 574 Ergo

187 604 313 662 nominis
326 591 535 679 etymologiam
548 599 585 658 ab
598 609 659 658 arte
673 597 807 675 sumpsit.

226 701 261 756 V.
275 698 340 775 495.
354 700 388 755 Si
396 700 451 754 tibi
460 697 606 772 displicuit
616 714 704 752 nasus
716 705 789 748 tuus.
792 697 802 762 ]
818 693 849 750 Si
861 702 894 748 tu
904 691 980 749 foeda
990 709 1031 748 ee.
1152 751 1153 756 ,

224 794 302 852 lbid.
326 797 426 850 Altera
450 795 580 862 leucum]
603 790 703 850 Altera
724 775 875 865 componit
897 787 1026 858 crinem,
1047 785 1120 843 dum
1140 784 1193 842 illa

185 881 319 948 caeditur.
1171 921 1181 932 ι

228 990 264 1044 V.
279 995 347 1063 497.
363 988 440 1042 Ειι
427 1005 456 1042 ιιι
470 986 588 1042 consilio
598 996 741 1040 rnaterna
744 987 754 1051 ]
766 979 945 1090 lanipendio
955 959 1054 1037 matria
1067 978 1140 1036 facta
1151 997 1199 1034 or·

191 1053 302 1152 ¹natrix,
315 1080 552 1160 quasimagistra.

229 1183 265 1238 V.
281 1179 348 1254 498.
363 1180 499 1269 Emerita.
502 1183 511 1248 ]
525 1180 596 1286 Quae
608 1193 669 1233 nou
680 1173 808 1232 ornatrix
818 1183 877 1242 est,
892 1171 965 1230 sed
954 1191 1014 1250 Jnm
1026 1172 1108 1250 quasi
1120 1189 1198 1228 eme·

187 1265 248 1333 rita
262 1285 361 1332 cessat.

234 1376 269 1428 V
287 1371 353 1444 507.
369 1371 420 1426 Ad
431 1372 549 1450 oscula]
566 1365 674 1426 Moechi
688 1365 806 1424 scilicet.

235 1471 272 1526 V.
290 1467 357 1543 509.
373 1471 576 1534 Damonem]
589 1468 661 1536 Quae
674 1464 705 1520 in
716 1462 805 1540 domo
815 1461 944 1520 fuerunt.
982 1499 984 1507 ι

233 1562 310 1621 lhid.
333 1567 486 1638 Tanquam
497 1539 623 1630 viciaml
631 1562 780 1637 Tanquam
794 1571 936 1634 extranea.
985 1581 988 1590 ’

235 1664 272 1716 V.
291 1649 357 1716 liro.
379 1659 466 1731 Quod
478 1678 507 1713 a.
521 1679 545 1713 c.
558 1653 637 1728 odit]
654 1655 742 1728 Quod
755 1655 849 1724 uicina
861 1675 921 1712 uon
935 1636 1012 1712 lacit.
1172 1731 1175 1736 Ι

235 1758 272 1813 V.
292 1755 357 1812 511.
377 1756 478 1811 Gravis
495 1755 735 1824 reserationum]
753 1754 789 1810 ln
803 1739 972 1820 lamentian
976 1733 1015 1808 et
1028 1749 1203 1808 balneariam

194 1852 350 1936 pecuniam
364 1850 521 1930 erogando.

106 1943 107 1946 ’
235 1952 271 2005 V.
292 1947 358 2005 512.
372 1951 507 2017 Bellonae
528 1914 905 2022 macraequeffiacerdotec,
919 1945 984 2004 aive
993 1956 1103 2022 myetae.

236 2047 272 2100 V.
290 2041 357 2100 513.
373 2045 543 2100 Reverendo
555 2045 667 2098 maican.
655 2044 680 2111 ]
695 2041 770 2112 Quia
782 2042 925 2100 minorem
937 2061 1042 2119 penem
1053 2040 1150 2098 habet.

237 2142 276 2202 V.
292 2137 359 2196 516.
373 2143 411 2195 Et
422 2140 551 2214 Phrygia
566 2140 688 2194 necatur
702 2139 791 2194 bucca
807 2140 904 2207 turra]
920 2137 1082 2214 Sacerdotis
1094 2135 1205 2194 habitu.

199 2235 283 2293 Tiara
295 2223 362 2290 nam
376 2233 456 2310 galea
470 2233 626 2313 sacerdotis
640 2244 700 2302 est,
715 2251 781 2310 quae
796 2252 849 2311 per
865 2231 954 2290 malas
965 2233 1098 2310 veniens,
1108 2244 1207 2294 memo

201 2320 372 2408 subligatur.
384 2329 467 2386 Tiara
478 2342 519 2386 est
533 2327 691 2406 Phrygium
706 2328 787 2406 quod
801 2327 913 2386 dicunt.

239 2429 275 2482 V.
298 2423 364 2498 519.
384 2425 423 2478 Et
437 2426 654 2500 merampeliaac
672 2429 811 2496 aeterna]
825 2426 927 2482 Vestes
944 2423 1072 2495 scilicet,
1089 2445 1156 2504 quae
1171 2425 1209 2482 ad

200 2540 289 2579 usum
302 2529 499 2578 matronarum
516 2519 649 2590 fuerunt,
661 2519 806 2599 ampeliui.
817 2499 940 2594 coleris}
957 2521 1009 2598 qui
1022 2521 1098 2578 inter
1115 2521 1210 2580 cocei-

200 2639 273 2678 num
284 2629 314 2675 et
324 2616 468 2674 muricem
479 2615 593 2672 medius
603 2629 657 2676 est.
667 2619 767 2676 Xeron
779 2637 847 2675 vero
859 2617 969 2676 siccum
979 2618 1131 2695 signifieat.

240 2719 275 2772 V.
297 2713 363 2770 525.
388 2715 489 2772 Totum
507 2714 581 2788 regit
596 2721 722 2791 agrum]
741 2717 847 2770 Brutus
867 2733 968 2790 agrum
984 2713 1134 2790 Tarquinii
1152 2716 1210 2788 Su7

202 2809 285 2888 perbi
306 2808 369 2886 (ιο)
391 2813 487 2864 totum
507 2809 594 2866 Marti
613 2809 808 2868 consecravit:
827 2809 905 2870 unde
926 2802 1073 2885 hodieque
1091 2829 1211 2888 campus

202 2906 324 2965 Martius
337 2903 509 2983 appellatur.

243 3004 279 3058 V.
297 3000 569 3074 molossorum]
586 3007 617 3060 lo
630 2975 730 3062 Inachi
741 3002 821 3061 fluvii
835 3001 910 3072 lilia,
925 3022 1014 3079 quam
1024 2973 1138 3081 Jupiter
1149 3015 1213 3068 stu
1259 3047 1260 3055 ι

203 3099 313 3190 pravit:
325 3111 353 3156 et
366 3098 752 3178 deprehensusaJunone‚
744 3096 977 3174 mvaccameam
988 3101 1214 3180 transfiguravit,
1309 3167 1311 3174 ¹

205 3183 298 3256 celare
309 3194 411 3254 volens
423 3195 550 3252 factum:
567 3195 649 3272 quod
661 3199 677 3254 J
679 3216 739 3257 uno
754 3197 863 3266 sciens,
876 3196 955 3254 dono
970 3215 1033 3254 eam
1044 3197 1099 3256 sibi
1111 3198 1212 3274 petiit,

205 3303 235 3348 et
252 3291 381 3368 accepit:
403 3307 492 3370 quam
509 3301 672 3368 acceptam,
686 3295 765 3369 Argo
783 3291 1003 3362 custodiendam
1018 3292 1143 3368 tradidit.
1159 3294 1215 3350 Hic

206 3387 303 3463 'Argus
313 3397 432 3443 centum
444 3383 547 3469 oculos
561 3384 669 3442 dicitur
682 3385 834 3458 habuisse,
847 3407 935 3465 quem
947 3388 1127 3446 Mercurius
1116 3394 1215 3466 Jusaup

206 3481 244 3538 ab
258 3483 329 3538 Jove
341 3481 456 3566 occidit.
470 3480 571 3538 Hanc
563 3479 653 3558 igitur
669 3482 729 3538 Io
720 3501 751 3539 ιιι
769 3494 887 3564 tantum
900 3495 1058 3560 persecuta
1062 3495 1105 3540 eat
1118 3487 1134 3539 J
1137 3503 1196 3544 uuo
1205 3485 1222 3556 ‚*
1242 3559 1243 3562 Ἴ

206 3588 242 3633 ut
252 3595 430 3654 peromnem
439 3577 585 3634 mundum
594 3595 658 3634 eam
663 3577 815 3636 *minaret
825 3580 935 3650 Quae
909 3597 976 3636 cum
987 3579 1109 3636 venisset
1119 3599 1215 3638 errans

206 3675 237 3730 iu
257 3671 389 3750 partibus
401 3674 564 3752 Aegypti
556 3694 588 3730 ιιι
607 3672 707 3731 Nilum
730 3673 869 3743 fluvium,
887 3675 990 3734 lassata
1010 3675 1099 3752 coepit
1118 3694 1215 3746 orare,

208 3787 262 3853 pro
281 3780 316 3825 ιιι
334 3768 449 3845 potuit,
462 3771 594 3858 requiem
609 3769 775 3828 malorum·
785 3771 899 3848 Jupiter
915 3774 1061 3830 iunonem
1082 3771 1216 3840 dilexit,

208 3865 299 3948 petit,
312 3853 561 3946 indulsitpellici‚
576 3879 605 3924 et
621 3886 733 3924 reversa
750 3865 781 3923 in
801 3884 882 3926 suam
892 3867 1036 3944 figuram,
1049 3881 1163 3946 recepta
1174 3880 1218 3925 est
1313 3880 1314 3883 ’

207 3959 283 4019 inter
293 3963 377 4020 Deas.
390 3947 446 4020 Et
438 3979 498 4039 ipsa
512 3973 555 4020 est
565 3963 626 4022 Dea
637 3962 701 4020 Isia.
715 3960 788 4020 Inde
798 3961 884 4024 etiam
896 3979 975 4023 sacra
986 3963 1023 4020 de
1032 3967 1176 4052 Aegypto.

1007 4080 1044 4143 Ι9
