2930 4660
285 379 347 444 166
496 377 538 444 Η.
563 379 629 443 ΕΤ
652 381 688 444 (l.
709 379 1065 446 vatustouutt

278 499 374 578 turpia
391 495 578 579 loqderetur‚
593 515 624 558 et
639 521 716 559 nunc
733 503 850 560 nundus
868 506 1023 578 corrugatis
1038 509 1137 561 adrem
1154 503 1290 572 sordens,

279 597 441 654 inhonestos·
458 600 590 672 strepitis
601 613 754 676 promeret
768 597 818 675 (id
831 609 892 668 est,
905 601 1018 669 ederet3
1037 595 1084 657 sic'
1099 600 1240 669 omnino,
1255 611 1292 664 ut

277 693 426 752 luvenalis
452 693 586 772 Tullia);
607 715 687 754 nunc
710 695 819 753 foetidis
839 696 946 754 risibus
967 695 1198 755 cachinnaretur.
1220 699 1292 756 liae

278 791 377 849 Severi
399 791 533 849 Minoric.
560 791 657 870 Episc.
683 791 806 870 epistola
830 791 988 850 assertura
1012 793 1181 851 doctissimo
1203 792 1291 852 Card.

276 889 400 946 Beronio
418 889 450 946 in
466 901 539 947 tom.
560 889 665 948 Annal.
687 893 725 960 V,
746 889 784 950 ad
807 909 917 948 anuum
937 881 1044 948 Christi
1067 892 1135 960 418.
1158 893 1191 949 C.

277 1042 308 1084 v.
327 1017 400 1107 307.
417 1019 542 1100 Tullia,
555 1019 635 1108 quid
650 1018 737 1084 dieat
753 1035 837 1084 notae
854 1019 1004 1085 collactea
1020 1019 1161 1101 Maurae,

419 1113 534 1180 Maura
547 1115 714 1180 Pudicitiae
726 1133 866 1180 veterem
883 1120 957 1181 cirm
973 1116 1115 1205 preterit
1132 1137 1231 1204 aratu.
1244 1115 1269 1204 ],

317 1236 366 1297 Sic
377 1237 519 1316 Rigaltius
533 1251 562 1297 ct
576 1238 802 1318 Raphclengius.
819 1241 925 1298 Deerat
938 1239 969 1296 iu
982 1238 1178 1298 vetustissimo
1191 1258 1292 1297 exem-

277 1335 353 1414 plari
365 1334 479 1396 Pithoei
491 1336 606 1414 ‘primus
618 1333 667 1394 hic
679 1355 789 1395 versus.
810 1337 848 1396 Η.

275 1490 306 1532 v.
326 1465 401 1534 320.
420 1467 589 1532 Lenouum
607 1467 739 1550 ancillas
756 1467 860 1556 posita
874 1467 1016 1534 Laulclla
1033 1467 1155 1531 corona·

422 1563 596 1644 Provocat,
611 1578 642 1626 et
654 1563 740 1626 tollit
752 1562 923 1652 pendentis
940 1563 1073 1652 praemia
1089 1561 1210 1652 cosm]

314 1687 351 1744 Id
365 1699 424 1758 est,
439 1685 519 1744 tollit
532 1704 669 1744 coronam
685 1685 839 1763 praemium
856 1683 969 1758 coitus,
982 1686 1065 1744 victis
1079 1684 1191 1744 ancillis
1204 1686 1288 1744 mul-

275 1783 401 1842 titudine
416 1779 774 1873 concubitirnPendeutis
792 1803 896 1852 coeoe,
913 1781 992 1840 idem
1012 1781 1093 1860 quod
1108 1781 1187 1861 apud
1199 1787 1288 1861 Apu-

274 1876 366 1936 leium
373 1877 517 1954 penduloe
531 1880 656 1935 Veneni.
674 1877 798 1936 «Photis
812 1877 924 1955 spinam
936 1877 1076 1936 mobilem
1090 1877 1238 1957 quatiens,
1254 1897 1290 1936 ac

274 1995 387 2052 «super
407 1995 454 2032 mc
475 1969 577 2032 crebro
597 1973 750 2033 subsiliens
772 1972 908 2053 pendulae
919 1973 1041 2032 Veneris
1060 1995 1108 2033 me
1128 1973 1226 2032 fructu
1242 1993 1289 2031 sa-

253 2083 256 2088 '
274 2095 289 2124 α
300 2071 391 2129 tiuvit.
403 2097 416 2124 »
429 2076 462 2130 P.
476 2071 615 2130 Pithoeus
632 2071 720 2131 habet
738 2069 861 2142 attollit,
875 2072 969 2141 male,
980 2091 1035 2150 pro
1051 2092 1088 2129 ac
1106 2075 1181 2129 tollit
1195 2084 1292 2130 nutet

273 2170 350 2226 tollit
362 2169 516 2246 pendentis
529 2170 646 2248 praemia
659 2187 748 2228 coxae.
766 2168 886 2228 Praemia
898 2180 1013 2238 autem,
1024 2167 1057 2226 id
1071 2180 1134 2240 est,
1145 2187 1285 2227 coronam

272 2265 398 2346 positam
411 2265 443 2324 in
456 2265 555 2324 medic
571 2269 716 2346 expolita.
737 2266 775 2325 Η·

271 2421 302 2463 v.
321 2399 397 2463 322.
416 2397 491 2487 lpsa
509 2396 697 2463 Medullinae
698 2397 843 2484 fluctum
859 2396 1021 2462 crissantis
1036 2394 1186 2484 Morus]

289 2519 294 2526 “
311 2523 356 2578 lta
370 2525 403 2578 P.
418 2517 574 2590 Pithoeus,
586 2521 626 2578 ita
641 2519 784 2598 Rigaltius
798 2531 924 2577 etvetus
938 2520 1079 2597 interpres
1094 2519 1134 2576 ita
1147 2518 1238 2597 legit,
1252 2540 1288 2578 ac

272 2616 399 2696 explicat
412 2627 535 2674 motum·
543 2617 603 2674 sive
616 2617 713 2674 sinum
727 2617 908 2674 obscoenum.
921 2617 961 2674 At
973 2607 1188 2694 Raphelengius
1199 2615 1289 2674 habet

262 2716 402 2791 suctum,
420 2712 507 2770 male.
531 2711 660 2782 Aderat,
679 2710 710 2769 id
734 2724 794 2784 est,
811 2711 988 2782 admiratur,
1003 2712 1151 2770 osculatur
1173 2713 1287 2771 sinuata

272 2811 380 2870 femina
398 2809 578 2876 Medullinae.
600 2812 661 2888 Ego
672 2811 786 2884 fluctu,
794 2811 944 2886 frictuque
965 2811 1113 2888 sepositis,
1127 2809 1286 2887 legendum

267 2908 389 2968 omuino
403 2917 476 2985 puto
493 2909 592 2964 rictum
600 2929 612 2977 ,·
628 2907 700 2985 quid
720 2919 819 2965 autem
839 2909 923 2964 rictus
944 2907 1086 2984 significet
1102 2906 1183 2985 apud
1200 2909 1282 2965 Mur-

270 3005 369 3063 tialem
383 3004 514 3082 aliosque
532 3005 639 3082 passim
647 3017 660 3074 ,’
669 3023 757 3062 nemo
775 3003 875 3061 nescit.
893 3003 950 3061 Sed
970 3002 1110 3061 haetenus
1128 3003 1164 3061 de
1179 3024 1209 3063 re
1223 3014 1282 3062 tam

268 3102 367 3180 turpi:
381 3121 449 3159 uam
463 3101 486 3158 si
500 3100 585 3178 plura
599 3100 748 3179 adjiciam,
760 3112 789 3158 te
801 3100 926 3170 violem,
940 3100 959 3158 d
971 3100 1085 3159 Pudor!
1107 3102 1141 3158 C.

264 3256 297 3298 v.
315 3232 389 3319 329.
408 3231 479 3296 lam
495 3230 542 3294 fas
560 3246 630 3311 est;
646 3228 780 3294 admitte
796 3230 882 3294 viros
894 3252 902 3294 τ
914 3233 980 3316 jam
998 3229 1120 3296 dormit
1137 3229 1274 3298 adulter.

408 3329 469 3392 Illa
479 3329 573 3416 jubet
587 3344 719 3417 sumpto
733 3330 885 3415 juvenem
904 3351 1079 3418 properare
1095 3327 1256 3416 cucullo]

304 3455 352 3512 Sic
377 3453 515 3512 Pithoeus
540 3462 569 3510 et
593 3449 738 3530 Rigaltius
763 3450 860 3513 etalii
880 3451 955 3512 benc
978 3473 986 3509 :
1008 3465 1039 3510 at
1063 3450 1282 3530 liaphelengiua

261 3552 400 3607 dormtlat
411 3547 543 3620 adulter,
558 3547 644 3606 male.
665 3549 704 3606 Η.

262 3693 294 3738 v.
313 3669 386 3760 371.
404 3671 490 3758 Ergo
508 3685 701 3758 exspectatos
719 3691 756 3732 ac
770 3671 873 3756 jussos
889 3691 1030 3735 crescere
1044 3669 1188 3758 primum

404 3761 602 3844 Testiculos,
614 3763 786 3852 postquam
801 3782 968 3854 coeperunt
983 3787 1052 3830 esse
1089 3765 1216 3846 ilibres,

401 3863 555 3928 Tonsoris
568 3862 687 3926 damno
703 3878 828 3926 tantum
841 3865 927 3951 rupit
938 3861 1058 3948 Helipd
1119 3863 1169 3952 s]

304 3987 343 4046 Id
366 3999 427 4060 est,
444 3985 558 4058 evellit,
571 3965 685 4068 ‚excidit
706 3985 880 4067 chirurgus,
901 3985 992 4066 polius
1012 3986 1136 4045 tonsoris
1158 3985 1278 4073 manno.
