2924 4662
263 349 331 418 25ss
477 351 633 418 ΙΨΕΤΤ.
650 353 1048 426 COMMENTARH.

258 495 277 533 a
286 474 575 554 Vespasianosenatu
586 491 701 552 motus,
715 479 847 538 monuit
856 480 893 538 ad
903 481 1023 538 stoicam
1032 487 1154 548 metim,
1163 477 1266 556 inqua

211 619 214 624 .
258 569 328 632 ciam
342 573 508 651 praevaleret
521 588 550 632 et
565 575 749 654 eloquentia,
764 589 794 636 et
810 579 879 638 artis
896 580 1018 657 poetico
1031 577 1140 655 glorim
1156 577 1266 636 abusus

257 667 449 728 familiaritate
466 671 641 742 Domitiani,
651 673 832 732 acerbissime
843 686 938 752 partes
951 673 1105 732 delationis
1116 674 1264 732 exercuit:

258 783 320 842 quo
337 765 505 838 interfecto,
519 780 619 826 senatu
639 782 791 831 accusante
811 769 964 830 damnatus
982 782 1046 828 esta
1060 767 1128 828 ciam
1143 769 1266 827 inissent

251 861 332 920 inter
348 861 491 946 delatores
505 876 637 942 potentes
655 865 736 944 apud
755 866 957 924 Domitianum
977 878 1006 924 et
1027 861 1059 922 hi
1076 864 1262 934 Armillatus,

256 959 482 1032 Demosthenes,
497 973 527 1019 et
543 961 663 1020 latiam
678 961 887 1034 archimimus,
900 963 975 1020 sicut
991 962 1102 1020 Marino
1118 962 1263 1022 Maximus

257 1054 381 1134 scripsit.

294 1154 330 1208 V.
347 1151 393 1208 56.
408 1156 455 1210 Ne
460 1159 587 1230 pereat]
602 1154 702 1226 Viaco,
717 1154 800 1233 quod
809 1155 870 1231 jana
883 1153 1003 1212 distrahi
1016 1172 1076 1212 nou
1089 1163 1193 1231 potest.

292 1251 329 1304 V.
347 1248 393 1324 59.
407 1253 531 1324 Aeeten]
542 1255 654 1308 Ventus
668 1251 796 1322 calidus,
810 1270 870 1328 quo
883 1250 976 1328 pisces
990 1261 1231 1326 corrumpuntur.

293 1349 329 1402 V.
351 1347 398 1402 60.
420 1350 510 1423 thue
531 1351 631 1418 lacus]
652 1348 688 1406 Id
709 1345 851 1418 est,ci1m
872 1366 963 1427 prope
984 1347 1065 1405 lacus
1086 1345 1267 1406 Albanenses

250 1443 312 1520 jana
325 1441 448 1500 venisset
462 1443 597 1521 piscator.

294 1540 330 1593 V.
346 1539 393 1596 61.
411 1543 513 1614 Ignem
533 1541 710 1612 Trojannmz]
730 1539 853 1598 Romani
868 1538 957 1598 Tullo
974 1538 1099 1598 Hostilio
1112 1559 1179 1616 rege
1194 1538 1261 1602 ciim

254 1633 448 1696 deseruissent
468 1634 594 1706 Albam,
609 1656 688 1694 sacra
710 1635 824 1693 sublata
846 1639 970 1696 Romam
988 1635 1217 1708 transtulerunt,
1234 1649 1264 1696 et

253 1733 331 1789 Deos
342 1742 479 1810 penates:
493 1751 621 1810 quorum
635 1730 781 1810 penetrale
796 1745 855 1790 tarn
869 1732 1034 1790 venerabile
1049 1731 1262 1811 deprehensum

253 1839 312 1902 est,
326 1839 359 1904 ut
376 1826 515 1905 lapidatio
532 1827 569 1884 de
588 1826 662 1885 coelo
681 1827 796 1901 caderet
814 1828 925 1906 supra*
936 1828 1087 1886 memorati
1106 1828 1260 1912 ponderis:

250 1934 371 2004 propter
390 1923 472 2001 quod
484 1923 675 2004 prodigium,
695 1943 731 1981 ex
751 1923 834 1982 libris
857 1923 1000 2002 sibyllinis
1016 1924 1091 2003 jussi
1110 1924 1262 2004 pontifices

251 2039 288 2079 ex
297 2022 352 2082 SC.
360 2020 444 2079 slbae
454 2040 531 2080 sacra
542 2041 689 2080 renovare.
698 2024 790 2079 Tanta
801 2021 880 2081 enim
890 2035 1024 2100 repente,
1035 2019 1102 2081 cirm
1113 2043 1145 2081 ea
1154 2021 1262 2082 vellent
1284 2057 1287 2064 ι

244 2115 420 2189 ‘anassem
434 2118 543 2197 grando
557 2118 680 2188 cecidit,
694 2132 727 2177 nt
740 2119 936 2198 intelligerent
950 2119 1010 2177 suis
1022 2118 1096 2179 locis
1110 2139 1187 2177 sacra
1200 2139 1261 2182 non

250 2232 311 2272 esse
323 2215 474 2296 movenda.
487 2214 560 2274 Inde
571 2215 629 2286 ibi,
642 2215 835 2294 perseveranti
849 2219 911 2274 Deo
924 2237 931 2271 ε
947 2227 975 2274 et
986 2220 1104 2274 Vestam
1117 2217 1260 2274 minorem

250 2307 325 2368 dixit
336 2311 373 2369 ad
387 2311 639 2390 compositionem.

287 2411 323 2464 V.
349 2407 396 2466 65.
423 2410 557 2479 Picena]
580 2408 709 2466 Piscator
731 2409 768 2482 de
790 2405 956 2486 provincia,
978 2409 1029 2466 ubi
1049 2408 1137 2487 piscis
1157 2421 1260 2486 captus

250 2502 353 2562 iuerat.
1003 2561 1015 2589 ο

286 2601 322 2657 V.
337 2601 385 2674 67.
400 2589 520 2658 Ldoeare
540 2602 671 2675 sagium]
690 2599 766 2668 Alii,
781 2595 906 2677 sagittis,
920 2613 954 2658 ut
973 2601 1009 2659 sit
1031 2621 1149 2674 sensns,
1165 2603 1260 2660 acutis

247 2695 341 2765 curis,
352 2709 386 2753 ut
396 2695 599 2754 exercitatione
610 2694 793 2774 sagittarum,
804 2695 959 2773 digestioni
970 2698 1079 2775 inquit,
1091 2711 1120 2756 et
1130 2697 1260 2772 harenis,

246 2792 355 2871 quibas
368 2793 474 2851 vectari
489 2791 575 2850 illum
591 2793 698 2851 debere
711 2791 783 2850 dicit
804 2793 842 2850 ob
861 2791 961 2850 cibum
981 2793 1122 2853 futurum.
1136 2795 1259 2873 Legitur

246 2901 275 2949 et
287 2889 406 2968 saginis,
418 2889 449 2947 id
461 2872 521 2960 est,
533 2890 606 2948 escis
619 2889 724 2948 suturis
738 2887 880 2948 stomachi
891 2887 1072 2967 indigestum
1086 2911 1263 2971 praeparare.

284 2988 320 3042 V.
339 2987 387 3062 69.
403 2989 443 3044 Et
458 3001 556 3060 tamen
574 2989 640 3056 illi]
656 2985 875 3056 assentatione,
889 3003 923 3044 ac
942 2984 1031 3044 laude
1046 2988 1261 3047 intumescebat

245 3080 420 3159 imperator,
435 3082 568 3160 quamvis
581 3081 660 3139 falsa.

284 3182 320 3235 V.
336 3198 382 3252 71·
396 3179 460 3234 Diis
472 3183 718 3254 oequapotestas.]
734 3181 869 3254 Regnum
883 3177 1004 3236 scilicet.

284 3278 320 3331 V.
336 3276 382 3347 73.
398 3277 476 3348 Quos
490 3276 592 3331 oderat
602 3277 670 3344 dle]
686 3275 750 3331 Hoc
769 3273 807 3331 ad
823 3293 920 3332 mores
937 3275 1025 3334 infert
1040 3276 1132 3354 regia,
1144 3293 1206 3334 non
1217 3277 1256 3336 ad

244 3371 364 3431 illorum
377 3371 487 3428 merita.

283 3466 500 3548 V..75.Pallor
507 3468 663 3537 amicicie]
674 3466 829 3526 Simulata.
846 3468 963 3526 Cicero:
976 3471 1056 3524 nullu
1067 3481 1112 3526 est
1120 3471 1258 3526 occulant

244 3584 289 3624 rer
299 3565 422 3634 instilis,
436 3583 503 3638 quoe
515 3566 607 3619 larem
615 3565 645 3618 iu
655 3566 837 3620 sunulutioue
848 3565 946 3639 officii.
1038 3573 1042 3582 '

282 3660 358 3720 thid.
378 3662 529 3720 Clamante
542 3661 689 3729 Liberam]
704 3662 762 3731 Qui
775 3661 999 3720 admissionibus
1013 3646 1141 3740 praeerat

281 3763 317 3814 V.
338 3777 385 3830 77.
407 3758 559 3831 Pegasus]
581 3755 742 3828 Trinrarchi
762 3756 841 3816 filins
849 3773 864 3827 ,⁴
873 3777 909 3814 ex
929 3757 1039 3834 quihus
1058 3758 1194 3820 Liburnae
1205 3753 1250 3836 (6)

242 3853 351 3936 puasia
363 3871 472 3912 nornen
483 3841 609 3930 accepit,
619 3851 695 3928 juris
709 3852 807 3910 studio
821 3851 944 3930 gloriam
960 3854 1106 3912 memoriae
1121 3853 1252 3923 marist,

227 4031 228 4036 ἵ
243 3963 281 4010 nt.
289 3949 551 4037 liher.vulgo.‚.non
562 3947 653 4010 homa
663 3948 817 4014 diceretur·
832 3949 886 4012 Hic
900 3949 1019 4010 iunctm
1029 3949 1110 4014 onai
1120 3947 1232 4014 honore
1240 3989 1255 4019 i
1307 3999 1313 4012 ,
1351 3993 1353 4000 .
