2924 4662
272 361 337 445 sss
496 365 648 435 'VETT.
672 367 1045 438 contimtum
1157 385 1163 402 ·

289 561 295 575 .
309 493 348 547 V.
363 507 393 567 9.
409 493 480 550 Cam
494 499 679 570 qaouupsr.)
690 493 836 554 Ultimum
847 491 954 554 Fluvio
967 494 1062 573 gentis
1076 494 1278 556 Domitianum

270 585 358 664 slioit:¹
370 585 426 646 hoc
438 588 516 646 enim
527 589 629 648 ordino
639 589 1275 670 mgmvmnt,1tsro,·vopssunus‚tttus‚

271 684 465 742 Domitianus.

310 784 346 839 V.
370 800 414 838 ιο.
434 783 579 858 Sanguine
597 783 693 840 adhuc
711 787 795 854 uiro]
817 786 886 842 Haec
902 782 1063 860 virginibus
1078 785 1172 842 vesta
1190 801 1277 860 pusna

270 873 466 948 iuitdscrstu,
477 878 616 936 sivitiatae
625 878 766 952 fuiusnt,
778 881 851 938 viru
862 880 894 938 in
903 879 1062 958 parietibus
1070 879 1276 949 sonabantur,

269 985 321 1030 aut
333 972 388 1032 sub
399 985 473 1032 term
486 973 693 1032 obruebantur.

308 1073 344 1126 V.
364 1089 408 1126 ra.
422 1072 479 1126 Sub
485 1071 586 1140 judice
596 1077 727 1140 morum]
741 1073 960 1130 Damnaretura
973 1089 1101 1128 censore.

308 1169 345 1221 V.
360 1167 404 1222 13.
419 1169 500 1224 Nam
513 1168 593 1242 quod
604 1168 796 1242 crispationis]
810 1167 923 1226 luisive
936 1166 1049 1234 laudat,
1061 1165 1277 1245 comparatione

271 1261 412 1340 Crispini,
427 1261 520 1320 bonos
539 1261 676 1332 dicens*‚
690 1281 750 1320 non
767 1282 800 1320 eu
814 1262 952 1341 objiciens
965 1280 1032 1339 quae
1045 1261 1076 1318 in
1087 1281 1156 1319 eum
1168 1261 1277 1340 turpis-

271 1357 343 1415 sima
356 1369 432 1414 sunt.
1111 1359 1117 1370 ⁹

250 1445 251 1450 ἵ
310 1459 346 1512 V.
364 1452 409 1510 15.
422 1457 551 1512 Persona
566 1462 626 1526 est]
641 1458 707 1512 Non
720 1453 827 1528 homo,
842 1453 895 1513 sed
909 1473 1040 1532 persona.

310 1553 346 1607 V.
364 1551 408 1606 16.
422 1555 623 1626 Aequanum]
639 1554 694 1609 Sex
707 1551 863 1622 librorum,
877 1551 929 1628 qui
942 1563 1054 1608 tantum
1064 1549 1161 1627 potuit
1171 1549 1277 1608 habere

271 1645 303 1722 in
317 1645 464 1722 pondere,
479 1659 621 1723 quantum
635 1648 666 1704 in
680 1647 785 1725 pretio.

309 1746 345 1799 V.
363 1763 406 1816 ¹7·
423 1745 482 1814 Qui
493 1744 529 1798 de
542 1743 673 1817 magnis]
690 1743 817 1814 Diuites,
831 1742 987 1821 gluttones.

310 1841 346 1894 V.
363 1859 406 1914 ¹9·
418 1839 601 1914 Proecipuam
613 1842 642 1894 iu
653 1841 710 1894 tab.
721 1846 787 1910 cen]
799 1839 937 1908 Primam,
949 1839 980 1896 in
991 1859 1049 1918 qua
1060 1837 1181 1896 heredes
1190 1839 1278 1917 primi

271 1913 445 1992 scribuntur.

310 2034 347 2087 V.
363 2050 409 2088 21.
423 2037 535 2104 Anno]
549 2031 693 2090 Lecticam
707 2032 854 2103 mulieris,
867 2043 918 2088 aut
937 2029 1038 2090 sellam
1058 2030 1185 2090 clausam
1199 2030 1279 2088 dicit.

310 2129 346 2186 V.
373 2129 419 2186 23.
444 2129 584 2204 Apicius]
609 2132 722 2187 Auctor
749 2127 1010 2207 praecipiendarum
1034 2147 1203 2210 stuparum,
1226 2125 1278 2204 qui

272 2225 385 2302 scripsit
397 2225 434 2283 de
446 2225 594 2304 juscellist
610 2225 668 2284 fuit
682 2226 761 2284 enim
777 2225 944 2304 exemplum
957 2223 1041 2303 gulas.

286 2347 289 2353 ·
310 2324 346 2378 V.
359 2331 406 2391 nt..
419 2325 580 2380 Succinctus
587 2324 710 2401 patruo]
723 2321 808 2380 Biblo
818 2321 952 2382 Nilotica.
964 2319 1031 2380 Fuit
1040 2339 1108 2382 num
1119 2320 1281 2398 Aegyptius

270 2417 498 2488 Alexandrinus,
513 2420 543 2477 in
562 2438 620 2496 qua
637 2439 783 2496 papyrum
803 2419 932 2476 nascitur
951 2417 982 2474 in
1000 2415 1077 2474 Nilo.
1091 2417 1154 2488 stc,
1169 2428 1203 2473 ut
1215 2414 1279 2474 vult

271 2513 434 2584 luvenalis,
449 2513 599 2590 Crispinus
613 2513 759 2592 cartapolu
773 2511 839 2570 fuit.

309 2615 345 2668 V.
361 2607 407 2667 25.
422 2611 485 2666 Hoc
491 2613 588 2684 pretio
601 2615 753 2684 squamas]
767 2608 873 2680 Piscis,
885 2629 902 2666 a
915 2619 996 2687 parte
1008 2619 1113 2666 totum.

308 2709 344 2760 V.
361 2707 407 2762 26.
422 2707 572 2761 Provincia
587 2709 678 2776 tunm]
693 2703 945 2786 Anthypophoraz
961 2707 1043 2782 quasi
1058 2705 1207 2782 Crispinus
1221 2704 1279 2763 hoc
1298 2747 1300 2753 s

270 2800 467 2880 responderit,
479 2801 552 2878 quid
563 2799 636 2858 mihi
649 2801 778 2860 inrides?
789 2801 897 2880 Apulia
908 2801 1004 2860 curios
1013 2802 1055 2879 (ι)
1067 2818 1149 2881 agros
1159 2801 1278 2874 vendit,

269 2910 306 2955 ut
311 2899 433 2977 majores
440 2899 532 2976 pisces
542 2898 653 2970 vendit,
661 2919 736 2978 qnos
745 2911 778 2957 tn
788 2897 1014 2978 provincialibus
1023 2899 1110 2977 gratis
1118 2885 1277 2958 abstulisti:

224 2989 228 2998 ’
271 2993 301 3052 e't
310 2995 417 3066 ironia,
429 2997 553 3074 majores
566 2995 675 3074 Apulia
685 2996 794 3056 vendit.

309 3093 346 3149 V.
359 3111 405 3165 27.
419 3091 479 3150 Sed
487 3093 630 3164 umores]
642 3092 868 3171 Amphibologia
877 3114 884 3149 ε
892 3104 993 3150 utrum
1003 3111 1102 3170 agros,
1114 3111 1151 3150 an
1161 3091 1281 3150 mulos?

269 3187 317 3245 vel
327 3206 379 3265 per
389 3187 582 3267 anastrophen
592 3188 788 3267 postpositum
800 3189 837 3247 sit
846 3188 936 3261 ‚suu
948 3188 1004 3249 hoc
1016 3199 1101 3267 puoto
1112 3210 1120 3244 ε
1133 3187 1185 3245 ssd
1193 3205 1279 3265 agros

269 3281 394 3364 majores
404 3285 511 3363 Apulia
522 3285 622 3344 vendit
633 3307 640 3342 :
653 3282 700 3344 vel
713 3297 790 3344 certe
801 3329 810 3358 ,
823 3286 972 3364 provincia
983 3284 1277 3362 storinstingus,
1379 3307 1383 3318 ·

271 3383 373 3461 quanti
386 3394 420 3440 tu
432 3382 530 3441 mulos
544 3383 650 3458 eruisti.

308 3481 346 3534 V.
360 3497 407 3553 ²9¹·
421 3481 681 3554 luduperutorem.]
695 3479 841 3537 Neronem
856 3477 928 3538 dicit
939 3479 1119 3558 gluttonum,
1130 3489 1165 3534 ut
1176 3476 1277 3534 Domi-

271 3561 367 3638 tianus
381 3575 435 3631 sub
448 3575 572 3633 Neronis
585 3575 703 3632 nomine
716 3575 828 3632 lateret.

308 3675 345 3728 V.
361 3672 406 3728 31.
419 3671 602 3745 Pomanus]
616 3673 643 3728 la
653 3671 740 3729 vestis
753 3669 860 3730 colors.
875 3669 999 3750 Ctispiui
1012 3667 1126 3728 satelles
1139 3681 1184 3726 est
1196 3667 1276 3726 idem

271 3748 464 3828 llomitiunus.
742 3775 746 3786 '
1120 3767 1131 3818 “,

309 3866 345 3919 V.
362 3865 409 3920 aa.
422 3865 492 3919 lam
500 3867 661 3940 pn‘rrcepffl
672 3865 809 3944 Magister
821 3863 954 3942 equitum
967 3866 1167 3923 Romanorum
1180 3858 1280 3922 lamus

273 3969 317 4020 est
329 3958 447 4020 scilicet.
500 3991 503 3998 ·
