2924 4662
391 302 450 374 Ill
474 301 644 370 IUVEN.
668 301 892 370 SATI'RAM
915 305 979 368 lx.
1123 305 1185 376 303

223 437 258 492 V.
272 431 321 508 95.
336 401 416 490 nair
430 449 476 488 ras
489 427 608 510 κοπιῶ]
621 424 804 486 Perimrlos'ue
817 437 861 484 eet
873 425 1002 486 cinados
1011 409 1120 499 iratur,
1134 439 1185 486 out

181 529 324 588 offensus.
638 575 640 579 .
755 529 758 534 ’
1156 601 1159 608 ¹

222 629 259 683 V.
274 645 322 700 97.
338 625 454 680 Sumere
458 621 501 699 f]
516 619 674 689 Occidere,
688 631 739 678 eut
751 618 904 678 incendere
915 618 1048 681 domum.

173 727 196 746 ”
224 734 259 788 V.
277 751 324 806 99.
337 727 407 786 'Nee
427 724 613 803 contemnam]
635 728 678 783 Ne
701 723 753 782 tibi
771 719 916 801 despector
934 725 991 782 tint
1008 742 1080 801 quat
1099 721 1186 784 hebet

184 825 313 887 cinaedus
325 825 381 882 irat
394 845 401 880 :
415 841 525 880 veneno
539 821 589 878 dat
599 821 831 898 qmnticumque
841 819 1049 878 &turbatum
1192 825 1193 828 ’

221 937 256 989 V.
277 944 343 989 ror.
359 931 397 986 Ut
408 931 487 985 cnn'a
498 931 602 986 Martis
614 927 693 1004 Ata]
707 928 783 1000 Quia
795 928 828 984 in
840 931 991 1004 Areopago
1003 924 1119 1003 primur
1129 943 1184 984 nc-

181 1039 298 1086 cusatus
313 1039 356 1084 est
370 1031 446 1083 Mars
458 1045 475 1080 a
487 1026 625 1100 Neptuno
636 1066 645 1093 ‚
658 1043 694 1081 eo
707 1023 789 1100 qubd
798 1023 897 1082 lilium
912 1024 975 1100 ejus
988 1019 1185 1084 Palinrothion

144 1139 147 1149 ·
181 1124 371 1203 peremisset:
388 1121 434 1180 vel
448 1123 479 1179 in
493 1123 645 1198 Areopago
658 1118 797 1189 Athenis,
813 1118 867 1178 ubi
885 1117 1033 1176 tententiae
1051 1115 1185 1174 feruntur

181 1219 333 1298 graviores.
379 1261 389 1277 .

221 1326 258 1380 V.
277 1340 341 1379 102.
358 1322 552 1400 OCorydan.]
570 1324 596 1379 Ο
612 1319 709 1378 stulte.

220 1430 256 1484 V.
276 1446 340 1504 109.
355 1429 558 1503 Ambrnragiri,
575 1425 925 1504 carptornr.]1nlertores‚
942 1426 995 1504 qui
1012 1426 1099 1484 inlata
1113 1444 1178 1484 car·

179 1535 259 1601 ,punt
270 1523 322 1600 (8).
563 1521 565 1526 ’
1020 1539 1023 1544 ·

218 1623 254 1676 V.
272 1639 335 1676 111.
349 1621 476 1700 Baltea.]
490 1624 581 1690 Lora,
596 1620 704 1698 quibus
717 1620 783 1677 caesi
797 1630 873 1678 sunt.
957 1665 962 1676 .

216 1717 292 1774 lbid.
308 1720 369 1774 Per
377 1699 525 1797 compita]
541 1718 705 1790 Quadrivia.

212 1826 247 1880 V.
261 1823 326 1880 113.
337 1827 455 1886 Vritotut
468 1823 566 1901 inebr.]
578 1824 701 1901 Impleat
710 1835 738 1880 te
748 1821 847 1882 ebrius
856 1818 971 1880 secretis
980 1816 1177 1878 dominorum.

199 1921 333 2009 .V.'1r7.
349 1929 407 1982 Pro
414 1930 529 2003 populo
542 1928 659 2002 sacrent
678 1949 726 2004 qu.
749 1923 892 2002 Saufeia]
915 1923 1083 1982 sacrificans
1097 1925 1178 2002 virgo

175 2022 270 2078 Vestae
280 2021 331 2097 (9).
343 2021 500 2098 Virgilius:
529 2029 531 2034 '

348 2135 411 2186 Cirm
420 2138 505 2186 faciam
515 2137 674 2204 vitulum'pro
682 2138 795 2210 frugibus
802 2173 809 2197 ‚
817 2137 872 2202 ¹ipse
882 2136 975 2185 venito.

214 2241 252 2294 V.
266 2238 330 2296 126.
342 2243 472 2296 Festinat
480 2242 556 2295 enim
567 2240 734 2318 decurrere]
746 2240 783 2300 Id
793 2252 854 2311 est,
862 2241 1001 2318 juventus
1011 2237 1178 2308 decurrere,

174 2345 205 2393 et
216 2341 349 2394 senectus
361 2355 524 2414 properare.
534 2335 673 2414 Virgilius
684 2356 692 2390 :

352 2486 467 2500 .....
484 2451 560 2500 breve
571 2461 595 2499 et
608 2451 764 2516 irreparabile
775 2461 870 2518 tempus
976 2487 980 2492 -

348 2531 470 2580 Omnibus
484 2541 519 2580 eet
531 2531 595 2581 vitae.

211 2636 249 2692 V.
269 2634 333 2691 128.
348 2638 533 2705 Damnem,
548 2635 713 2712 ungutam]
728 2636 854 2693 Coronas
868 2646 897 2692 et
912 2647 1048 2693 aromata.

208 2733 245 2789 V.
259 2731 326 2788 130.
338 2731 474 2788 Pathreas
491 2733 543 2788 tibi
555 2733 584 2789 d.
601 2730 731 2807 amicat]
746 2731 900 2809 Corrumpi
913 2731 1029 2800 volens,
1042 2742 1092 2790 aut
1106 2749 1173 2788 cor-

172 2838 284 2902 ruptus.

210 2923 245 2977 V.
264 2922 327 2978 131.
345 2923 398 2976 Hir
412 2921 549 2998 collibus]
570 2920 605 2979 Id
623 2931 682 2990 est,
696 2931 807 2996 septem
822 2919 988 2989 montibus,
1001 2937 1087 2997 supra
1100 2940 1175 2998 quos

171 3016 264 3091 posita
272 3020 365 3074 Roma
376 3028 433 3088 est,
444 3016 572 3074 Palatino
580 3059 588 3087 ‚
595 3015 733 3094 Tarpeio,
743 3013 895 3092 Viminali‚
904 3015 1063 3086 Aventino,
1075 3016 1175 3094 Esqui-

170 3107 247 3182 lino,
263 3113 370 3184 Coelio,
382 3112 531 3170 Vaticano.

208 3219 243 3272 V.
261 3219 324 3274 132.
342 3220 491 3294 carpentis
508 3219 690 3298 cenantem]
705 3220 752 3279 Ad
767 3229 951 3296 corruptores
964 3229 993 3276 et
1006 3217 1107 3276 itinere
1120 3238 1171 3276 ve·

169 3323 265 3380 ment,
277 3325 306 3369 et
319 3315 399 3370 mari.
590 3316 591 3321 ’
918 3375 922 3380 .
1133 3359 1137 3368 .

207 3407 243 3464 V.
262 3409 324 3464 133.
340 3412 439 3466 Altera
456 3411 551 3481 major
563 3427 629 3487 spes
646 3410 790 3488 superest]
806 3410 916 3469 Multos
927 3408 1071 3467 imberbes
1081 3407 1170 3466 habes

166 3501 222 3559 tibi
229 3517 402 3572 trescentos.
587 3497 591 3500 ’
829 3575 831 3580 ,

205 3597 282 3657 Ibid.
300 3603 359 3674 Qui
370 3605 456 3678 digito
471 3606 607 3682 scalpunt
617 3623 673 3660 nno
689 3602 797 3680 capnt]
811 3603 938 3675 Giuaetli,
950 3621 1018 3661 oum
1034 3601 1169 3659 muliebri

164 3713 245 3753 more
260 3713 441 3775 componunt
455 3711 553 3777 caput.
932 3731 935 3738 ·

203 3795 320 3863 19131.
339 3798 383 3852 Tn
395 3809 505 3852 tantam
519 3795 629 3874 eruam]
641 3794 760 3856 Dicitur
771 3795 833 3856 haec
845 3795 935 3856 herba
949 3795 986 3855 ad
999 3796 1109 3854 coitum
1123 3794 1169 3856 iu-

165 3889 329 3966 flammare,
342 3905 371 3953 et
384 3893 458 3953 viret
472 3891 550 3968 dare.
1211 3888 1213 3893 ’
