<?xml version="1.0" encoding="UTF-8"?>
<!DOCTYPE html PUBLIC "-//W3C//DTD XHTML 1.0 Transitional//EN"
    "http://www.w3.org/TR/xhtml1/DTD/xhtml1-transitional.dtd">
<html xmlns="http://www.w3.org/1999/xhtml" xml:lang="en" lang="en">
 <head>
  <title>
</title>
<meta http-equiv="Content-Type" content="text/html;charset=utf-8" />
  <meta name='ocr-system' content='tesseract 3.04.00' />
  <meta name='ocr-capabilities' content='ocr_page ocr_carea ocr_par ocr_line ocrx_word'/>
</head>
<body>
  <div class='ocr_page' id='page_1' title='image "./satirae00pithgoog_0302.png"; bbox 0 0 2924 4662; ppageno 0'>
   <div class='ocr_carea' id='block_1_1' title="bbox 100 453 1246 1637">
    <p class='ocr_par' dir='ltr' id='par_1_1' title="bbox 162 453 1246 761">
     <span class='ocr_line' id='line_1_1' title="bbox 349 453 1159 550; baseline 0.001 -22"><span class='ocrx_word' id='word_1_1' title='bbox 349 462 403 530; x_wconf 85' lang='lat' dir='ltr'><strong>IN</strong></span> <span class='ocrx_word' id='word_1_2' title='bbox 425 455 595 528; x_wconf 70' lang='lat' dir='ltr'><strong>IUVEN.</strong></span> <span class='ocrx_word' id='word_1_3' title='bbox 621 454 843 526; x_wconf 75' lang='lat' dir='ltr'><strong>SATIRAM</strong></span> <span class='ocrx_word' id='word_1_4' title='bbox 863 457 972 524; x_wconf 88' lang='lat' dir='ltr'><strong>VIII.</strong></span> <span class='ocrx_word' id='word_1_5' title='bbox 1095 453 1159 550; x_wconf 69' lang='lat' dir='ltr'><strong>a95</strong></span> 
     </span>
     <span class='ocr_line' id='line_1_2' title="bbox 162 559 1246 663; baseline -0.002 -17"><span class='ocrx_word' id='word_1_6' title='bbox 162 565 249 646; x_wconf 78' lang='lat' dir='ltr'><strong>minis</strong></span> <span class='ocrx_word' id='word_1_7' title='bbox 258 579 865 662; x_wconf 65' lang='lat' dir='ltr'><strong>nomenmosisandapilarum,eorum*in</strong></span> <span class='ocrx_word' id='word_1_8' title='bbox 874 582 981 661; x_wconf 89' lang='lat' dir='ltr'><strong>quibus</strong></span> <span class='ocrx_word' id='word_1_9' title='bbox 992 583 1163 663; x_wconf 81' lang='lat' dir='ltr'><strong>gladiatores</strong></span> <span class='ocrx_word' id='word_1_10' title='bbox 1241 559 1246 612; x_wconf 41' lang='grc' dir='ltr'><em>ἶ</em></span> 
     </span>
     <span class='ocr_line' id='line_1_3' title="bbox 164 681 1206 761; baseline -0.006 -20"><span class='ocrx_word' id='word_1_11' title='bbox 164 683 273 742; x_wconf 82' lang='lat' dir='ltr'><strong>mottui</strong></span> <span class='ocrx_word' id='word_1_12' title='bbox 284 681 321 742; x_wconf 90' lang='lat' dir='ltr'><strong>de</strong></span> <span class='ocrx_word' id='word_1_13' title='bbox 334 681 543 761; x_wconf 86' lang='lat' dir='ltr'><strong>amphitheatro</strong></span> <span class='ocrx_word' id='word_1_14' title='bbox 556 681 719 760; x_wconf 87' lang='lat' dir='ltr'><strong>ejiciuntur.</strong></span> <span class='ocrx_word' id='word_1_15' title='bbox 1204 689 1206 693; x_wconf 81' lang='grc'>’</span> 
     </span>
    </p>

    <p class='ocr_par' dir='ltr' id='par_1_2' title="bbox 203 769 991 864">
     <span class='ocr_line' id='line_1_4' title="bbox 203 769 991 864; baseline -0.005 -20"><span class='ocrx_word' id='word_1_16' title='bbox 203 791 239 844; x_wconf 97' lang='lat' dir='ltr'><strong>V.</strong></span> <span class='ocrx_word' id='word_1_17' title='bbox 256 788 319 861; x_wconf 78' lang='lat'><strong>175.</strong></span> <span class='ocrx_word' id='word_1_18' title='bbox 332 790 553 864; x_wconf 80' lang='lat' dir='ltr'><strong>Etresupinoti.]</strong></span> <span class='ocrx_word' id='word_1_19' title='bbox 567 787 662 858; x_wconf 88' lang='lat' dir='ltr'><strong>Ebrii,</strong></span> <span class='ocrx_word' id='word_1_20' title='bbox 677 799 727 846; x_wconf 84' lang='lat' dir='ltr'><strong>aut</strong></span> <span class='ocrx_word' id='word_1_21' title='bbox 739 784 835 864; x_wconf 89' lang='lat' dir='ltr'><strong>turpia</strong></span> <span class='ocrx_word' id='word_1_22' title='bbox 848 769 991 864; x_wconf 66' lang='lat' dir='ltr'><strong>patientis.</strong></span> 
     </span>
    </p>

    <p class='ocr_par' dir='ltr' id='par_1_3' title="bbox 121 887 1162 968">
     <span class='ocr_line' id='line_1_5' title="bbox 121 887 1162 968; baseline 0 -20"><span class='ocrx_word' id='word_1_23' title='bbox 121 934 122 942; x_wconf 56' lang='grc'><strong>.</strong></span> <span class='ocrx_word' id='word_1_24' title='bbox 203 893 239 948; x_wconf 92' lang='lat' dir='ltr'><strong>V.</strong></span> <span class='ocrx_word' id='word_1_25' title='bbox 254 894 317 965; x_wconf 80' lang='lat'><strong>176.</strong></span> <span class='ocrx_word' id='word_1_26' title='bbox 329 894 485 968; x_wconf 71' lang='lat' dir='ltr'><strong>Aequdibi</strong></span> <span class='ocrx_word' id='word_1_27' title='bbox 495 894 596 962; x_wconf 80' lang='lat' dir='ltr'><strong>libert]</strong></span> <span class='ocrx_word' id='word_1_28' title='bbox 611 891 744 968; x_wconf 82' lang='lat' dir='ltr'><strong>Popinae,</strong></span> <span class='ocrx_word' id='word_1_29' title='bbox 756 909 789 948; x_wconf 84' lang='lat' dir='ltr'><strong>ac</strong></span> <span class='ocrx_word' id='word_1_30' title='bbox 803 910 854 967; x_wconf 91' lang='lat' dir='ltr'><strong>per</strong></span> <span class='ocrx_word' id='word_1_31' title='bbox 864 887 921 948; x_wconf 88' lang='lat' dir='ltr'><strong>hoc</strong></span> <span class='ocrx_word' id='word_1_32' title='bbox 933 888 1098 946; x_wconf 87' lang='lat' dir='ltr'><strong>communis</strong></span> <span class='ocrx_word' id='word_1_33' title='bbox 1110 902 1162 948; x_wconf 89' lang='lat' dir='ltr'><strong>est.</strong></span> 
     </span>
    </p>

    <p class='ocr_par' dir='ltr' id='par_1_4' title="bbox 100 992 1162 1264">
     <span class='ocr_line' id='line_1_6' title="bbox 203 992 1162 1072; baseline -0.006 -16"><span class='ocrx_word' id='word_1_34' title='bbox 203 999 237 1056; x_wconf 84' lang='lat' dir='ltr'><strong>V.</strong></span> <span class='ocrx_word' id='word_1_35' title='bbox 262 997 325 1056; x_wconf 84' lang='lat'><strong>181.</strong></span> <span class='ocrx_word' id='word_1_36' title='bbox 350 999 458 1072; x_wconf 83' lang='lat' dir='ltr'><strong>Turpio</strong></span> <span class='ocrx_word' id='word_1_37' title='bbox 478 999 612 1066; x_wconf 71' lang='lat' dir='ltr'><strong>cerdoni]</strong></span> <span class='ocrx_word' id='word_1_38' title='bbox 634 999 733 1052; x_wconf 87' lang='lat' dir='ltr'><strong>Graece</strong></span> <span class='ocrx_word' id='word_1_39' title='bbox 753 995 827 1052; x_wconf 85' lang='lat' dir='ltr'><strong>dixit</strong></span> <span class='ocrx_word' id='word_1_40' title='bbox 847 1007 979 1072; x_wconf 82' lang='lat' dir='ltr'>turpem,</span> <span class='ocrx_word' id='word_1_41' title='bbox 996 992 1162 1071; x_wconf 83' lang='lat' dir='ltr'><strong>vulgarem,</strong></span> 
     </span>
     <span class='ocr_line' id='line_1_7' title="bbox 161 1088 1162 1169; baseline -0.002 -21"><span class='ocrx_word' id='word_1_42' title='bbox 161 1088 237 1148; x_wconf 89' lang='lat' dir='ltr'><strong>lucri</strong></span> <span class='ocrx_word' id='word_1_43' title='bbox 249 1091 399 1169; x_wconf 89' lang='lat' dir='ltr'><strong>cupidum.</strong></span> <span class='ocrx_word' id='word_1_44' title='bbox 414 1092 443 1149; x_wconf 92' lang='lat' dir='ltr'><strong>Si</strong></span> <span class='ocrx_word' id='word_1_45' title='bbox 456 1111 567 1168; x_wconf 83' lang='lat' dir='ltr'>pauper</span> <span class='ocrx_word' id='word_1_46' title='bbox 583 1101 612 1147; x_wconf 92' lang='lat' dir='ltr'><strong>et</strong></span> <span class='ocrx_word' id='word_1_47' title='bbox 629 1089 778 1168; x_wconf 88' lang='lat' dir='ltr'><strong>popularis</strong></span> <span class='ocrx_word' id='word_1_48' title='bbox 796 1088 971 1146; x_wconf 81' lang='lat' dir='ltr'>adulterium</span> <span class='ocrx_word' id='word_1_49' title='bbox 984 1089 1162 1162; x_wconf 79' lang='lat' dir='ltr'><strong>committat,</strong></span> 
     </span>
     <span class='ocr_line' id='line_1_8' title="bbox 100 1183 1021 1264; baseline -0.002 -22"><span class='ocrx_word' id='word_1_50' title='bbox 100 1239 101 1242; x_wconf 74' lang='grc'>,</span> <span class='ocrx_word' id='word_1_51' title='bbox 160 1188 269 1246; x_wconf 80' lang='lat' dir='ltr'><strong>crimen</strong></span> <span class='ocrx_word' id='word_1_52' title='bbox 283 1187 430 1244; x_wconf 82' lang='lat' dir='ltr'><strong>admisisse</strong></span> <span class='ocrx_word' id='word_1_53' title='bbox 441 1185 565 1256; x_wconf 83' lang='lat' dir='ltr'><strong>dicitur3</strong></span> <span class='ocrx_word' id='word_1_54' title='bbox 578 1186 602 1242; x_wconf 93' lang='lat' dir='ltr'><strong>si</strong></span> <span class='ocrx_word' id='word_1_55' title='bbox 615 1183 710 1256; x_wconf 81' lang='lat' dir='ltr'><strong>dives,</strong></span> <span class='ocrx_word' id='word_1_56' title='bbox 720 1186 839 1264; x_wconf 85' lang='lat' dir='ltr'><strong>jocosus</strong></span> <span class='ocrx_word' id='word_1_57' title='bbox 851 1183 1021 1261; x_wconf 86' lang='lat' dir='ltr'><strong>appellatur.</strong></span> 
     </span>
    </p>

    <p class='ocr_par' dir='ltr' id='par_1_5' title="bbox 162 1269 1164 1637">
     <span class='ocr_line' id='line_1_9' title="bbox 200 1269 1163 1366; baseline -0.002 -17"><span class='ocrx_word' id='word_1_58' title='bbox 200 1296 236 1349; x_wconf 89' lang='lat' dir='ltr'><strong>V.</strong></span> <span class='ocrx_word' id='word_1_59' title='bbox 254 1292 318 1358; x_wconf 75' lang='lat'><strong>184.</strong></span> <span class='ocrx_word' id='word_1_60' title='bbox 327 1269 454 1360; x_wconf 66' lang='lat' dir='ltr'><strong>Vocem,</strong></span> <span class='ocrx_word' id='word_1_61' title='bbox 468 1295 556 1348; x_wconf 86' lang='lat' dir='ltr'><strong>Dam.</strong></span> <span class='ocrx_word' id='word_1_62' title='bbox 571 1292 689 1360; x_wconf 64' lang='lat' dir='ltr'><strong>locasti]</strong></span> <span class='ocrx_word' id='word_1_63' title='bbox 705 1287 740 1345; x_wconf 95' lang='lat' dir='ltr'><strong>ld</strong></span> <span class='ocrx_word' id='word_1_64' title='bbox 753 1301 811 1359; x_wconf 92' lang='lat' dir='ltr'><strong>est,</strong></span> <span class='ocrx_word' id='word_1_65' title='bbox 823 1308 917 1366; x_wconf 87' lang='lat' dir='ltr'><strong>praeco</strong></span> <span class='ocrx_word' id='word_1_66' title='bbox 929 1288 1008 1345; x_wconf 89' lang='lat' dir='ltr'><strong>fuisti</strong></span> <span class='ocrx_word' id='word_1_67' title='bbox 1019 1289 1050 1346; x_wconf 90' lang='lat' dir='ltr'><strong>in</strong></span> <span class='ocrx_word' id='word_1_68' title='bbox 1061 1288 1163 1348; x_wconf 81' lang='lat' dir='ltr'><strong>mimo.</strong></span> 
     </span>
     <span class='ocr_line' id='line_1_10' title="bbox 162 1383 1164 1464; baseline 0.001 -20"><span class='ocrx_word' id='word_1_69' title='bbox 162 1387 306 1464; x_wconf 90' lang='lat' dir='ltr'><strong>Siparium</strong></span> <span class='ocrx_word' id='word_1_70' title='bbox 324 1384 385 1462; x_wconf 87' lang='lat' dir='ltr'><strong>(ro)</strong></span> <span class='ocrx_word' id='word_1_71' title='bbox 405 1385 503 1444; x_wconf 86' lang='lat' dir='ltr'><strong>velum</strong></span> <span class='ocrx_word' id='word_1_72' title='bbox 527 1397 590 1458; x_wconf 87' lang='lat' dir='ltr'><strong>est,</strong></span> <span class='ocrx_word' id='word_1_73' title='bbox 611 1385 666 1444; x_wconf 91' lang='lat' dir='ltr'><strong>sub</strong></span> <span class='ocrx_word' id='word_1_74' title='bbox 687 1405 747 1464; x_wconf 88' lang='lat' dir='ltr'><strong>qno</strong></span> <span class='ocrx_word' id='word_1_75' title='bbox 763 1384 853 1444; x_wconf 89' lang='lat' dir='ltr'><strong>latent</strong></span> <span class='ocrx_word' id='word_1_76' title='bbox 874 1384 1027 1464; x_wconf 71' lang='lat' dir='ltr'><strong>paradoxi,</strong></span> <span class='ocrx_word' id='word_1_77' title='bbox 1043 1383 1112 1444; x_wconf 75' lang='lat' dir='ltr'><strong>ciam</strong></span> <span class='ocrx_word' id='word_1_78' title='bbox 1130 1387 1164 1445; x_wconf 90' lang='lat' dir='ltr'><strong>in</strong></span> 
     </span>
     <span class='ocr_line' id='line_1_11' title="bbox 164 1481 1164 1562; baseline 0.002 -22"><span class='ocrx_word' id='word_1_79' title='bbox 164 1501 279 1542; x_wconf 80' lang='lat' dir='ltr'><strong>scenam</strong></span> <span class='ocrx_word' id='word_1_80' title='bbox 299 1481 469 1562; x_wconf 86' lang='lat' dir='ltr'><strong>prodeunt:</strong></span> <span class='ocrx_word' id='word_1_81' title='bbox 489 1495 540 1542; x_wconf 83' lang='lat' dir='ltr'><strong>aut</strong></span> <span class='ocrx_word' id='word_1_82' title='bbox 558 1482 686 1544; x_wconf 92' lang='lat' dir='ltr'><strong>hostium</strong></span> <span class='ocrx_word' id='word_1_83' title='bbox 707 1481 809 1556; x_wconf 88' lang='lat' dir='ltr'><strong>mimi,</strong></span> <span class='ocrx_word' id='word_1_84' title='bbox 829 1494 880 1540; x_wconf 87' lang='lat' dir='ltr'><strong>aut</strong></span> <span class='ocrx_word' id='word_1_85' title='bbox 901 1482 982 1560; x_wconf 92' lang='lat' dir='ltr'><strong>quod</strong></span> <span class='ocrx_word' id='word_1_86' title='bbox 1001 1483 1164 1562; x_wconf 86' lang='lat' dir='ltr'><strong>appellatur</strong></span> 
     </span>
     <span class='ocr_line' id='line_1_12' title="bbox 164 1598 423 1637; baseline 0 0"><span class='ocrx_word' id='word_1_87' title='bbox 164 1598 317 1637; x_wconf 80' lang='lat' dir='ltr'><strong>comicum.</strong></span> <span class='ocrx_word' id='word_1_88' title='bbox 420 1611 423 1619; x_wconf 89' lang='lat'><strong>·</strong></span> 
     </span>
    </p>
   </div>
   <div class='ocr_carea' id='block_1_2' title="bbox 163 1659 1165 1849">
    <p class='ocr_par' dir='ltr' id='par_1_6' title="bbox 163 1659 1165 1849">
     <span class='ocr_line' id='line_1_13' title="bbox 201 1659 1165 1764; baseline 0.001 -22"><span class='ocrx_word' id='word_1_89' title='bbox 201 1688 236 1741; x_wconf 94' lang='lat' dir='ltr'><strong>V.</strong></span> <span class='ocrx_word' id='word_1_90' title='bbox 254 1684 318 1742; x_wconf 83' lang='grc'><strong>185.</strong></span> <span class='ocrx_word' id='word_1_91' title='bbox 333 1659 440 1760; x_wconf 65' lang='lat' dir='ltr'><strong>Afferes</strong></span> <span class='ocrx_word' id='word_1_92' title='bbox 453 1697 485 1740; x_wconf 79' lang='lat' dir='ltr'><strong>ut</strong></span> <span class='ocrx_word' id='word_1_93' title='bbox 495 1685 625 1741; x_wconf 76' lang='lat' dir='ltr'><strong>Phasma</strong></span> <span class='ocrx_word' id='word_1_94' title='bbox 641 1685 713 1755; x_wconf 80' lang='lat' dir='ltr'><strong>Cot]</strong></span> <span class='ocrx_word' id='word_1_95' title='bbox 727 1685 843 1748; x_wconf 82' lang='lat' dir='ltr'><strong>Nomen</strong></span> <span class='ocrx_word' id='word_1_96' title='bbox 855 1695 899 1742; x_wconf 87' lang='lat' dir='ltr'><strong>est</strong></span> <span class='ocrx_word' id='word_1_97' title='bbox 911 1682 1120 1764; x_wconf 50' lang='lat' dir='ltr'><strong>mimographi:</strong></span> <span class='ocrx_word' id='word_1_98' title='bbox 1133 1696 1165 1744; x_wconf 93' lang='lat' dir='ltr'><strong>et</strong></span> 
     </span>
     <span class='ocr_line' id='line_1_14' title="bbox 163 1778 547 1849; baseline -0.003 -12"><span class='ocrx_word' id='word_1_99' title='bbox 163 1778 298 1849; x_wconf 79' lang='lat' dir='ltr'><strong>Phasma,</strong></span> <span class='ocrx_word' id='word_1_100' title='bbox 312 1799 421 1838; x_wconf 87' lang='lat' dir='ltr'><strong>nomen</strong></span> <span class='ocrx_word' id='word_1_101' title='bbox 433 1779 547 1837; x_wconf 85' lang='lat' dir='ltr'><strong>labulae.</strong></span> 
     </span>
    </p>
   </div>
   <div class='ocr_carea' id='block_1_3' title="bbox 201 1864 1206 1962">
    <p class='ocr_par' dir='ltr' id='par_1_7' title="bbox 201 1864 1206 1962">
     <span class='ocr_line' id='line_1_15' title="bbox 201 1864 1206 1962; baseline 0.008 -21"><span class='ocrx_word' id='word_1_102' title='bbox 201 1883 277 1942; x_wconf 90' lang='lat' dir='ltr'><strong>lbid.</strong></span> <span class='ocrx_word' id='word_1_103' title='bbox 301 1885 425 1955; x_wconf 62' lang='lat' dir='ltr'><strong>Cotum]</strong></span> <span class='ocrx_word' id='word_1_104' title='bbox 446 1889 481 1955; x_wconf 89' lang='lat' dir='ltr'><strong>Q.</strong></span> <span class='ocrx_word' id='word_1_105' title='bbox 499 1871 816 1942; x_wconf 74' lang='lat' dir='ltr'><strong>Lutatium&#39;Catullum</strong></span> <span class='ocrx_word' id='word_1_106' title='bbox 840 1864 931 1956; x_wconf 85' lang='lat' dir='ltr'><strong>dicit,</strong></span> <span class='ocrx_word' id='word_1_107' title='bbox 949 1885 1001 1962; x_wconf 88' lang='lat' dir='ltr'><strong>qui</strong></span> <span class='ocrx_word' id='word_1_108' title='bbox 1014 1886 1165 1949; x_wconf 83' lang='lat' dir='ltr'><strong>Voranum</strong></span> <span class='ocrx_word' id='word_1_109' title='bbox 1203 1884 1206 1892; x_wconf 72' lang='grc'>’</span> 
     </span>
    </p>
   </div>
   <div class='ocr_carea' id='block_1_4' title="bbox 163 1967 1284 2058">
    <p class='ocr_par' dir='ltr' id='par_1_8' title="bbox 163 1967 1284 2058">
     <span class='ocr_line' id='line_1_16' title="bbox 163 1967 1284 2058; baseline 0.003 -21"><span class='ocrx_word' id='word_1_110' title='bbox 163 1999 279 2037; x_wconf 85' lang='lat' dir='ltr'><strong>servum</strong></span> <span class='ocrx_word' id='word_1_111' title='bbox 292 1979 505 2036; x_wconf 81' lang='lat' dir='ltr'><strong>furacissimum</strong></span> <span class='ocrx_word' id='word_1_112' title='bbox 526 1978 661 2036; x_wconf 87' lang='lat' dir='ltr'><strong>habuisse</strong></span> <span class='ocrx_word' id='word_1_113' title='bbox 681 1979 788 2050; x_wconf 86' lang='lat' dir='ltr'><strong>fertur,</strong></span> <span class='ocrx_word' id='word_1_114' title='bbox 803 1977 840 2036; x_wconf 91' lang='lat' dir='ltr'><strong>de</strong></span> <span class='ocrx_word' id='word_1_115' title='bbox 858 1998 919 2056; x_wconf 93' lang='lat' dir='ltr'><strong>quo</strong></span> <span class='ocrx_word' id='word_1_116' title='bbox 937 1967 985 2037; x_wconf 78' lang='lat' dir='ltr'><strong>llic</strong></span> <span class='ocrx_word' id='word_1_117' title='bbox 1000 1971 1164 2058; x_wconf 85' lang='lat' dir='ltr'><strong>posterius,</strong></span> <span class='ocrx_word' id='word_1_118' title='bbox 1282 1997 1284 2002; x_wconf 85' lang='lat'>&#39;</span> 
     </span>
    </p>
   </div>
   <div class='ocr_carea' id='block_1_5' title="bbox 163 2072 1254 3022">
    <p class='ocr_par' dir='ltr' id='par_1_9' title="bbox 163 2072 1254 2536">
     <span class='ocr_line' id='line_1_17' title="bbox 163 2072 1166 2151; baseline 0.001 -18"><span class='ocrx_word' id='word_1_119' title='bbox 163 2095 262 2133; x_wconf 77' lang='lat' dir='ltr'><strong>scum</strong></span> <span class='ocrx_word' id='word_1_120' title='bbox 279 2076 392 2132; x_wconf 83' lang='lat' dir='ltr'><strong>Catulli.</strong></span> <span class='ocrx_word' id='word_1_121' title='bbox 406 2078 451 2131; x_wconf 89' lang='lat' dir='ltr'><strong>De</strong></span> <span class='ocrx_word' id='word_1_122' title='bbox 466 2093 525 2150; x_wconf 89' lang='lat' dir='ltr'><strong>quo</strong></span> <span class='ocrx_word' id='word_1_123' title='bbox 541 2074 627 2132; x_wconf 84' lang='lat' dir='ltr'><strong>etiam</strong></span> <span class='ocrx_word' id='word_1_124' title='bbox 645 2072 717 2131; x_wconf 89' lang='lat' dir='ltr'><strong>illud</strong></span> <span class='ocrx_word' id='word_1_125' title='bbox 736 2074 874 2151; x_wconf 83' lang='lat' dir='ltr'><strong>traditur,</strong></span> <span class='ocrx_word' id='word_1_126' title='bbox 887 2073 955 2131; x_wconf 85' lang='lat' dir='ltr'><strong>ciun</strong></span> <span class='ocrx_word' id='word_1_127' title='bbox 969 2073 1166 2151; x_wconf 84' lang='lat' dir='ltr'><strong>deprehensus</strong></span> 
     </span>
     <span class='ocr_line' id='line_1_18' title="bbox 164 2166 1168 2246; baseline 0.001 -18"><span class='ocrx_word' id='word_1_128' title='bbox 164 2191 182 2228; x_wconf 87' lang='lat' dir='ltr'><strong>a</strong></span> <span class='ocrx_word' id='word_1_129' title='bbox 199 2167 395 2227; x_wconf 86' lang='lat' dir='ltr'><strong>nummulario</strong></span> <span class='ocrx_word' id='word_1_130' title='bbox 413 2180 504 2238; x_wconf 90' lang='lat' dir='ltr'><strong>esset,</strong></span> <span class='ocrx_word' id='word_1_131' title='bbox 519 2170 603 2246; x_wconf 89' lang='lat' dir='ltr'><strong>cujus</strong></span> <span class='ocrx_word' id='word_1_132' title='bbox 622 2167 659 2223; x_wconf 92' lang='lat' dir='ltr'><strong>de</strong></span> <span class='ocrx_word' id='word_1_133' title='bbox 679 2187 778 2224; x_wconf 90' lang='lat' dir='ltr'><strong>mensa</strong></span> <span class='ocrx_word' id='word_1_134' title='bbox 798 2187 935 2224; x_wconf 89' lang='lat' dir='ltr'><strong>nummos</strong></span> <span class='ocrx_word' id='word_1_135' title='bbox 955 2166 1116 2227; x_wconf 87' lang='lat' dir='ltr'><strong>subtractos</strong></span> <span class='ocrx_word' id='word_1_136' title='bbox 1135 2171 1168 2229; x_wconf 87' lang='lat' dir='ltr'><strong>iu</strong></span> 
     </span>
     <span class='ocr_line' id='line_1_19' title="bbox 165 2244 1254 2342; baseline -0.002 -19"><span class='ocrx_word' id='word_1_137' title='bbox 165 2263 278 2323; x_wconf 84' lang='lat' dir='ltr'><strong>calceos</strong></span> <span class='ocrx_word' id='word_1_138' title='bbox 291 2263 345 2320; x_wconf 88' lang='lat' dir='ltr'><strong>sibi</strong></span> <span class='ocrx_word' id='word_1_139' title='bbox 356 2261 547 2330; x_wconf 83' lang='lat' dir='ltr'><strong>inferciverat,</strong></span> <span class='ocrx_word' id='word_1_140' title='bbox 559 2260 678 2338; x_wconf 85' lang='lat' dir='ltr'><strong>quidam</strong></span> <span class='ocrx_word' id='word_1_141' title='bbox 689 2261 789 2338; x_wconf 83' lang='lat' dir='ltr'><strong>jocans</strong></span> <span class='ocrx_word' id='word_1_142' title='bbox 800 2261 830 2318; x_wconf 90' lang='lat' dir='ltr'><strong>in</strong></span> <span class='ocrx_word' id='word_1_143' title='bbox 844 2281 928 2318; x_wconf 86' lang='lat' dir='ltr'><strong>eum:</strong></span> <span class='ocrx_word' id='word_1_144' title='bbox 943 2260 1037 2332; x_wconf 86' lang='lat' dir='ltr'><strong>Belle,</strong></span> <span class='ocrx_word' id='word_1_145' title='bbox 1052 2264 1166 2342; x_wconf 92' lang='lat' dir='ltr'><strong>inquit,</strong></span> <span class='ocrx_word' id='word_1_146' title='bbox 1250 2244 1254 2252; x_wconf 33' lang='grc' dir='ltr'>Ι</span> 
     </span>
     <span class='ocr_line' id='line_1_20' title="bbox 166 2350 1166 2438; baseline 0.002 -21"><span class='ocrx_word' id='word_1_147' title='bbox 166 2362 191 2438; x_wconf 77' lang='lat' dir='ltr'><strong>si</strong></span> <span class='ocrx_word' id='word_1_148' title='bbox 210 2372 239 2418; x_wconf 89' lang='lat' dir='ltr'><strong>te</strong></span> <span class='ocrx_word' id='word_1_149' title='bbox 255 2357 469 2416; x_wconf 80' lang='lat' dir='ltr'><strong>nummularius</strong></span> <span class='ocrx_word' id='word_1_150' title='bbox 487 2358 582 2436; x_wconf 84' lang='lat' dir='ltr'><strong>injus</strong></span> <span class='ocrx_word' id='word_1_151' title='bbox 600 2367 701 2428; x_wconf 86' lang='lat' dir='ltr'><strong>vocet,</strong></span> <span class='ocrx_word' id='word_1_152' title='bbox 715 2368 748 2414; x_wconf 92' lang='lat' dir='ltr'><strong>tu</strong></span> <span class='ocrx_word' id='word_1_153' title='bbox 771 2357 798 2414; x_wconf 89' lang='lat' dir='ltr'><strong>ei</strong></span> <span class='ocrx_word' id='word_1_154' title='bbox 818 2369 856 2414; x_wconf 64' lang='grc' dir='ltr'><strong>ωε</strong></span> <span class='ocrx_word' id='word_1_155' title='bbox 875 2355 1004 2414; x_wconf 82' lang='lat' dir='ltr'><strong>ablatum</strong></span> <span class='ocrx_word' id='word_1_156' title='bbox 1020 2350 1056 2416; x_wconf 81' lang='lat' dir='ltr'><strong>eri</strong></span> <span class='ocrx_word' id='word_1_157' title='bbox 1068 2360 1166 2419; x_wconf 88' lang='lat' dir='ltr'><strong>calceo</strong></span> 
     </span>
     <span class='ocr_line' id='line_1_21' title="bbox 164 2455 311 2536; baseline -0.014 -22"><span class='ocrx_word' id='word_1_158' title='bbox 164 2455 311 2536; x_wconf 85' lang='lat' dir='ltr'><strong>abjiceres.</strong></span> 
     </span>
    </p>

    <p class='ocr_par' dir='ltr' id='par_1_10' title="bbox 167 2553 1178 3022">
     <span class='ocr_line' id='line_1_22' title="bbox 204 2553 1167 2636; baseline 0.003 -18"><span class='ocrx_word' id='word_1_159' title='bbox 204 2565 240 2619; x_wconf 93' lang='lat' dir='ltr'><strong>V.</strong></span> <span class='ocrx_word' id='word_1_160' title='bbox 265 2553 329 2616; x_wconf 85' lang='lat'><strong>186.</strong></span> <span class='ocrx_word' id='word_1_161' title='bbox 353 2559 551 2628; x_wconf 73' lang='lat' dir='ltr'><strong>Laureolum]</strong></span> <span class='ocrx_word' id='word_1_162' title='bbox 569 2558 632 2616; x_wconf 85' lang='lat' dir='ltr'><strong>Hoc</strong></span> <span class='ocrx_word' id='word_1_163' title='bbox 650 2555 731 2626; x_wconf 91' lang='lat' dir='ltr'><strong>ideo,</strong></span> <span class='ocrx_word' id='word_1_164' title='bbox 745 2556 814 2634; x_wconf 89' lang='lat' dir='ltr'><strong>quia</strong></span> <span class='ocrx_word' id='word_1_165' title='bbox 835 2557 865 2614; x_wconf 95' lang='lat' dir='ltr'><strong>in</strong></span> <span class='ocrx_word' id='word_1_166' title='bbox 886 2557 950 2636; x_wconf 87' lang='lat' dir='ltr'><strong>ipso</strong></span> <span class='ocrx_word' id='word_1_167' title='bbox 968 2560 1075 2631; x_wconf 87' lang='lat' dir='ltr'><strong>mimo,</strong></span> <span class='ocrx_word' id='word_1_168' title='bbox 1087 2562 1167 2621; x_wconf 87' lang='lat' dir='ltr'><strong>Lau-</strong></span> 
     </span>
     <span class='ocr_line' id='line_1_23' title="bbox 167 2651 1166 2734; baseline 0.001 -18"><span class='ocrx_word' id='word_1_169' title='bbox 167 2655 248 2716; x_wconf 83' lang='lat' dir='ltr'><strong>reolo</strong></span> <span class='ocrx_word' id='word_1_170' title='bbox 258 2653 356 2733; x_wconf 83' lang='lat' dir='ltr'><strong>figitur</strong></span> <span class='ocrx_word' id='word_1_171' title='bbox 369 2673 449 2712; x_wconf 84' lang='lat' dir='ltr'><strong>crux.</strong></span> <span class='ocrx_word' id='word_1_172' title='bbox 462 2651 548 2710; x_wconf 86' lang='lat' dir='ltr'><strong>Unde</strong></span> <span class='ocrx_word' id='word_1_173' title='bbox 560 2671 627 2710; x_wconf 85' lang='lat' dir='ltr'><strong>vera</strong></span> <span class='ocrx_word' id='word_1_174' title='bbox 638 2671 723 2710; x_wconf 85' lang='lat' dir='ltr'><strong>cruce</strong></span> <span class='ocrx_word' id='word_1_175' title='bbox 734 2653 840 2730; x_wconf 83' lang='lat' dir='ltr'><strong>dignus</strong></span> <span class='ocrx_word' id='word_1_176' title='bbox 851 2653 1008 2725; x_wconf 85' lang='lat' dir='ltr'><strong>Lentulus,</strong></span> <span class='ocrx_word' id='word_1_177' title='bbox 1021 2657 1074 2734; x_wconf 89' lang='lat' dir='ltr'><strong>qui</strong></span> <span class='ocrx_word' id='word_1_178' title='bbox 1086 2669 1166 2717; x_wconf 89' lang='lat' dir='ltr'><strong>tanto</strong></span> 
     </span>
     <span class='ocr_line' id='line_1_24' title="bbox 167 2735 1178 2827; baseline -0.001 -14"><span class='ocrx_word' id='word_1_179' title='bbox 167 2751 364 2812; x_wconf 86' lang='lat' dir='ltr'><strong>detestabilior</strong></span> <span class='ocrx_word' id='word_1_180' title='bbox 377 2762 437 2820; x_wconf 91' lang='lat' dir='ltr'><strong>est,</strong></span> <span class='ocrx_word' id='word_1_181' title='bbox 454 2760 596 2827; x_wconf 83' lang='lat' dir='ltr'><strong>quantum</strong></span> <span class='ocrx_word' id='word_1_182' title='bbox 615 2747 665 2806; x_wconf 91' lang='lat' dir='ltr'><strong>ille</strong></span> <span class='ocrx_word' id='word_1_183' title='bbox 683 2762 796 2826; x_wconf 82' lang='lat' dir='ltr'><strong>gestum</strong></span> <span class='ocrx_word' id='word_1_184' title='bbox 810 2750 938 2810; x_wconf 86' lang='lat' dir='ltr'><strong>imitatus</strong></span> <span class='ocrx_word' id='word_1_185' title='bbox 953 2763 996 2810; x_wconf 89' lang='lat' dir='ltr'><strong>est</strong></span> <span class='ocrx_word' id='word_1_186' title='bbox 1009 2735 1178 2812; x_wconf 76' lang='lat' dir='ltr'><strong>scenicum.¹</strong></span> 
     </span>
     <span class='ocr_line' id='line_1_25' title="bbox 168 2842 1166 2924; baseline 0.004 -18"><span class='ocrx_word' id='word_1_187' title='bbox 168 2849 222 2906; x_wconf 85' lang='lat' dir='ltr'><strong>llic</strong></span> <span class='ocrx_word' id='word_1_188' title='bbox 246 2845 388 2905; x_wconf 86' lang='lat' dir='ltr'><strong>Lentulus</strong></span> <span class='ocrx_word' id='word_1_189' title='bbox 405 2845 467 2922; x_wconf 86' lang='lat'>(11)</span> <span class='ocrx_word' id='word_1_190' title='bbox 488 2842 596 2902; x_wconf 89' lang='lat' dir='ltr'><strong>nobilis</strong></span> <span class='ocrx_word' id='word_1_191' title='bbox 619 2843 693 2914; x_wconf 87' lang='lat' dir='ltr'><strong>fuit;</strong></span> <span class='ocrx_word' id='word_1_192' title='bbox 714 2843 842 2922; x_wconf 88' lang='lat' dir='ltr'><strong>suscepit</strong></span> <span class='ocrx_word' id='word_1_193' title='bbox 866 2847 938 2902; x_wconf 84' lang='lat' dir='ltr'><strong>servi</strong></span> <span class='ocrx_word' id='word_1_194' title='bbox 961 2866 1114 2924; x_wconf 81' lang='lat' dir='ltr'><strong>personans</strong></span> <span class='ocrx_word' id='word_1_195' title='bbox 1135 2850 1166 2910; x_wconf 87' lang='lat' dir='ltr'><strong>in</strong></span> 
     </span>
     <span class='ocr_line' id='line_1_26' title="bbox 168 2937 1008 3022; baseline -0.005 -20"><span class='ocrx_word' id='word_1_196' title='bbox 168 2942 280 3022; x_wconf 44' lang='lat' dir='ltr'><strong>gendo</strong></span> <span class='ocrx_word' id='word_1_197' title='bbox 290 2941 397 3011; x_wconf 88' lang='lat' dir='ltr'><strong>mimo,</strong></span> <span class='ocrx_word' id='word_1_198' title='bbox 411 2951 440 2998; x_wconf 88' lang='lat' dir='ltr'><strong>et</strong></span> <span class='ocrx_word' id='word_1_199' title='bbox 452 2939 647 3020; x_wconf 87' lang='lat' dir='ltr'><strong>deprehensus</strong></span> <span class='ocrx_word' id='word_1_200' title='bbox 661 2940 692 2998; x_wconf 87' lang='lat' dir='ltr'><strong>iu</strong></span> <span class='ocrx_word' id='word_1_201' title='bbox 706 2937 779 2998; x_wconf 85' lang='lat' dir='ltr'><strong>falso</strong></span> <span class='ocrx_word' id='word_1_202' title='bbox 792 2940 946 2998; x_wconf 85' lang='lat' dir='ltr'><strong>crucifixus</strong></span> <span class='ocrx_word' id='word_1_203' title='bbox 957 2953 1008 3000; x_wconf 86' lang='lat' dir='ltr'><strong>est.</strong></span> 
     </span>
    </p>
   </div>
   <div class='ocr_carea' id='block_1_6' title="bbox 169 3043 1166 3518">
    <p class='ocr_par' dir='ltr' id='par_1_11' title="bbox 169 3043 1166 3222">
     <span class='ocr_line' id='line_1_27' title="bbox 209 3043 1166 3130; baseline 0.002 -25"><span class='ocrx_word' id='word_1_204' title='bbox 209 3052 246 3105; x_wconf 71' lang='lat' dir='ltr'><strong>V:</strong></span> <span class='ocrx_word' id='word_1_205' title='bbox 261 3049 325 3106; x_wconf 89' lang='grc'><strong>188.</strong></span> <span class='ocrx_word' id='word_1_206' title='bbox 337 3051 473 3122; x_wconf 76' lang='lat' dir='ltr'><strong>Ignoscas</strong></span> <span class='ocrx_word' id='word_1_207' title='bbox 477 3049 611 3122; x_wconf 77' lang='lat' dir='ltr'><strong>populo]</strong></span> <span class='ocrx_word' id='word_1_208' title='bbox 623 3046 681 3118; x_wconf 88' lang='lat' dir='ltr'><strong>Qui</strong></span> <span class='ocrx_word' id='word_1_209' title='bbox 695 3045 804 3123; x_wconf 83' lang='lat' dir='ltr'><strong>patitur</strong></span> <span class='ocrx_word' id='word_1_210' title='bbox 812 3043 924 3104; x_wconf 85' lang='lat' dir='ltr'><strong>nobiles</strong></span> <span class='ocrx_word' id='word_1_211' title='bbox 935 3059 1049 3126; x_wconf 83' lang='lat' dir='ltr'><strong>agentes</strong></span> <span class='ocrx_word' id='word_1_212' title='bbox 1060 3050 1166 3130; x_wconf 81' lang='lat' dir='ltr'><strong>mimos</strong></span> 
     </span>
     <span class='ocr_line' id='line_1_28' title="bbox 169 3156 305 3222; baseline -0.015 -20"><span class='ocrx_word' id='word_1_213' title='bbox 169 3156 305 3222; x_wconf 83' lang='lat' dir='ltr'><strong>spectare.</strong></span> 
     </span>
    </p>

    <p class='ocr_par' dir='ltr' id='par_1_12' title="bbox 169 3235 1166 3518">
     <span class='ocr_line' id='line_1_29' title="bbox 208 3235 1165 3323; baseline 0.002 -17"><span class='ocrx_word' id='word_1_214' title='bbox 208 3251 244 3306; x_wconf 89' lang='lat' dir='ltr'><strong>V.</strong></span> <span class='ocrx_word' id='word_1_215' title='bbox 257 3249 320 3323; x_wconf 85' lang='lat'><strong>189.</strong></span> <span class='ocrx_word' id='word_1_216' title='bbox 337 3235 490 3306; x_wconf 78' lang='lat' dir='ltr'><strong>Trisoum&#39;o</strong></span> <span class='ocrx_word' id='word_1_217' title='bbox 499 3247 706 3317; x_wconf 55' lang='lat' dir='ltr'><strong>Potentiorum]</strong></span> <span class='ocrx_word' id='word_1_218' title='bbox 716 3249 826 3316; x_wconf 81' lang='lat' dir='ltr'><strong>Locos*</strong></span> <span class='ocrx_word' id='word_1_219' title='bbox 835 3257 893 3307; x_wconf 86' lang='lat' dir='ltr'><strong>tres</strong></span> <span class='ocrx_word' id='word_1_220' title='bbox 906 3265 1007 3306; x_wconf 85' lang='lat' dir='ltr'><strong>currus</strong></span> <span class='ocrx_word' id='word_1_221' title='bbox 1020 3249 1165 3308; x_wconf 88' lang='lat' dir='ltr'><strong>nobilium</strong></span> 
     </span>
     <span class='ocr_line' id='line_1_30' title="bbox 171 3331 1166 3424; baseline 0.001 -21"><span class='ocrx_word' id='word_1_222' title='bbox 171 3343 282 3403; x_wconf 75' lang='lat' dir='ltr'><strong>fabulas</strong></span> <span class='ocrx_word' id='word_1_223' title='bbox 305 3355 443 3422; x_wconf 79' lang='lat' dir='ltr'><strong>agentes:</strong></span> <span class='ocrx_word' id='word_1_224' title='bbox 464 3340 593 3412; x_wconf 84' lang='lat' dir='ltr'><strong>dictum,</strong></span> <span class='ocrx_word' id='word_1_225' title='bbox 614 3342 683 3419; x_wconf 87' lang='lat' dir='ltr'><strong>quia</strong></span> <span class='ocrx_word' id='word_1_226' title='bbox 705 3354 762 3400; x_wconf 88' lang='lat' dir='ltr'><strong>tres</strong></span> <span class='ocrx_word' id='word_1_227' title='bbox 786 3343 874 3402; x_wconf 83' lang='lat' dir='ltr'><strong>simul</strong></span> <span class='ocrx_word' id='word_1_228' title='bbox 893 3331 1014 3416; x_wconf 81' lang='lat' dir='ltr'><strong>exeant,</strong></span> <span class='ocrx_word' id='word_1_229' title='bbox 1034 3335 1166 3424; x_wconf 78' lang='lat' dir='ltr'><strong>quamvis</strong></span> 
     </span>
     <span class='ocr_line' id='line_1_31' title="bbox 169 3439 460 3518; baseline -0.021 -18"><span class='ocrx_word' id='word_1_230' title='bbox 169 3439 281 3518; x_wconf 83' lang='lat' dir='ltr'><strong>aliquid</strong></span> <span class='ocrx_word' id='word_1_231' title='bbox 292 3449 460 3517; x_wconf 72' lang='lat' dir='ltr'><strong>quarentes.</strong></span> 
     </span>
    </p>
   </div>
   <div class='ocr_carea' id='block_1_7' title="bbox 51 3539 1172 3626">
    <p class='ocr_par' dir='ltr' id='par_1_13' title="bbox 51 3539 1172 3626">
     <span class='ocr_line' id='line_1_32' title="bbox 51 3539 1172 3626; baseline 0.021 -40"><span class='ocrx_word' id='word_1_232' title='bbox 51 3583 52 3586; x_wconf 74' lang='grc'>,</span> <span class='ocrx_word' id='word_1_233' title='bbox 172 3577 183 3604; x_wconf 81' lang='lat'><strong>·.</strong></span> <span class='ocrx_word' id='word_1_234' title='bbox 209 3539 326 3620; x_wconf 85' lang='lat' dir='ltr'><strong>v.&#39;190.</strong></span> <span class='ocrx_word' id='word_1_235' title='bbox 340 3541 516 3618; x_wconf 78' lang='lat' dir='ltr'><strong>Planipedes</strong></span> <span class='ocrx_word' id='word_1_236' title='bbox 528 3542 744 3611; x_wconf 79' lang='lat' dir='ltr'><strong>ouditFabios.]</strong></span> <span class='ocrx_word' id='word_1_237' title='bbox 759 3541 877 3602; x_wconf 83' lang='lat' dir='ltr'><strong>Nobiles</strong></span> <span class='ocrx_word' id='word_1_238' title='bbox 890 3544 1115 3626; x_wconf 79' lang='lat' dir='ltr'><strong>neaniscologos.</strong></span> <span class='ocrx_word' id='word_1_239' title='bbox 1169 3573 1172 3580; x_wconf 52' lang='lat'><strong>⁴</strong></span> 
     </span>
    </p>
   </div>
   <div class='ocr_carea' id='block_1_8' title="bbox 171 3637 1179 4183">
    <p class='ocr_par' dir='ltr' id='par_1_14' title="bbox 171 3637 1179 4183">
     <span class='ocr_line' id='line_1_33' title="bbox 209 3637 1044 3715; baseline 0.001 -17"><span class='ocrx_word' id='word_1_240' title='bbox 209 3643 245 3698; x_wconf 83' lang='lat' dir='ltr'><strong>V.</strong></span> <span class='ocrx_word' id='word_1_241' title='bbox 263 3659 327 3715; x_wconf 83' lang='lat'><strong>191.</strong></span> <span class='ocrx_word' id='word_1_242' title='bbox 337 3640 549 3698; x_wconf 59' lang='lat' dir='ltr'><strong>&#39;Mamercorum</strong></span> <span class='ocrx_word' id='word_1_243' title='bbox 562 3639 689 3711; x_wconf 62' lang='lat' dir='ltr'><strong>alopas]</strong></span> <span class='ocrx_word' id='word_1_244' title='bbox 704 3637 904 3713; x_wconf 84' lang='lat' dir='ltr'><strong>Turpitudinis</strong></span> <span class='ocrx_word' id='word_1_245' title='bbox 915 3641 1044 3700; x_wconf 86' lang='lat' dir='ltr'><strong>crimina.</strong></span> 
     </span>
     <span class='ocr_line' id='line_1_34' title="bbox 208 3733 985 3811; baseline 0.001 -20"><span class='ocrx_word' id='word_1_246' title='bbox 208 3737 245 3792; x_wconf 89' lang='lat' dir='ltr'><strong>V.</strong></span> <span class='ocrx_word' id='word_1_247' title='bbox 263 3753 328 3811; x_wconf 78' lang='grc'><strong>191.</strong></span> <span class='ocrx_word' id='word_1_248' title='bbox 341 3735 430 3792; x_wconf 82' lang='lat' dir='ltr'><strong>Nullo</strong></span> <span class='ocrx_word' id='word_1_249' title='bbox 443 3741 557 3808; x_wconf 76' lang='lat' dir='ltr'><strong>cogente</strong></span> <span class='ocrx_word' id='word_1_250' title='bbox 570 3735 706 3802; x_wconf 78' lang='lat' dir='ltr'><strong>Nerone]</strong></span> <span class='ocrx_word' id='word_1_251' title='bbox 722 3733 854 3809; x_wconf 80' lang='lat' dir='ltr'><strong>Tyranno</strong></span> <span class='ocrx_word' id='word_1_252' title='bbox 868 3733 985 3794; x_wconf 85' lang='lat' dir='ltr'><strong>scilicet.</strong></span> 
     </span>
     <span class='ocr_line' id='line_1_35' title="bbox 209 3829 1179 3912; baseline 0.004 -23"><span class='ocrx_word' id='word_1_253' title='bbox 209 3835 246 3889; x_wconf 87' lang='lat' dir='ltr'><strong>V.</strong></span> <span class='ocrx_word' id='word_1_254' title='bbox 267 3831 331 3907; x_wconf 83' lang='lat'><strong>193.</strong></span> <span class='ocrx_word' id='word_1_255' title='bbox 353 3830 429 3890; x_wconf 68' lang='lat' dir='ltr'><strong>Celsi</strong></span> <span class='ocrx_word' id='word_1_256' title='bbox 444 3829 578 3886; x_wconf 80' lang='lat' dir='ltr'><strong>Proeton&#39;s&#39;</strong></span> <span class='ocrx_word' id='word_1_257' title='bbox 597 3829 725 3886; x_wconf 77' lang='lat' dir='ltr'><strong>vendere</strong></span> <span class='ocrx_word' id='word_1_258' title='bbox 746 3829 841 3900; x_wconf 61' lang='lat' dir='ltr'><strong>ludu]</strong></span> <span class='ocrx_word' id='word_1_259' title='bbox 859 3831 1060 3908; x_wconf 73' lang='lat' dir='ltr'><strong>lgnobilioris‚</strong></span> <span class='ocrx_word' id='word_1_260' title='bbox 1078 3831 1179 3912; x_wconf 72' lang='lat' dir='ltr'><strong>quim</strong></span> 
     </span>
     <span class='ocr_line' id='line_1_36' title="bbox 171 3927 645 4007; baseline -0.004 -21"><span class='ocrx_word' id='word_1_261' title='bbox 171 3927 228 4007; x_wconf 82' lang='lat' dir='ltr'><strong>ipsi</strong></span> <span class='ocrx_word' id='word_1_262' title='bbox 241 3929 306 3986; x_wconf 86' lang='lat' dir='ltr'><strong>sint.</strong></span> <span class='ocrx_word' id='word_1_263' title='bbox 643 3937 645 3942; x_wconf 83' lang='grc'><strong><em>·</em></strong></span> 
     </span>
     <span class='ocr_line' id='line_1_37' title="bbox 212 4019 1177 4107; baseline 0 -23"><span class='ocrx_word' id='word_1_264' title='bbox 212 4027 247 4084; x_wconf 91' lang='lat' dir='ltr'><strong>V.</strong></span> <span class='ocrx_word' id='word_1_265' title='bbox 259 4023 322 4102; x_wconf 83' lang='lat'><strong>195.</strong></span> <span class='ocrx_word' id='word_1_266' title='bbox 335 4025 414 4099; x_wconf 63' lang='lat' dir='ltr'><strong>Quod</strong></span> <span class='ocrx_word' id='word_1_267' title='bbox 420 4023 540 4106; x_wconf 57' lang='lat' dir='ltr'><strong>satiust]</strong></span> <span class='ocrx_word' id='word_1_268' title='bbox 549 4021 658 4100; x_wconf 89' lang='lat' dir='ltr'><strong>Utique</strong></span> <span class='ocrx_word' id='word_1_269' title='bbox 669 4020 756 4094; x_wconf 84' lang='lat' dir='ltr'><strong>mori,</strong></span> <span class='ocrx_word' id='word_1_270' title='bbox 768 4019 857 4100; x_wconf 75' lang='lat' dir='ltr'><strong>quim</strong></span> <span class='ocrx_word' id='word_1_271' title='bbox 868 4022 991 4086; x_wconf 87' lang='lat' dir='ltr'><strong>mimum</strong></span> <span class='ocrx_word' id='word_1_272' title='bbox 1001 4043 1103 4107; x_wconf 76' lang='lat' dir='ltr'><strong>agere:</strong></span> <span class='ocrx_word' id='word_1_273' title='bbox 1115 4045 1177 4092; x_wconf 84' lang='lat' dir='ltr'><strong>nee¹</strong></span> 
     </span>
     <span class='ocr_line' id='line_1_38' title="bbox 941 4133 1028 4183; baseline -0.023 -1"><span class='ocrx_word' id='word_1_274' title='bbox 941 4137 1011 4183; x_wconf 89' lang='lat' dir='ltr'><strong>ao.·</strong></span> <span class='ocrx_word' id='word_1_275' title='bbox 1025 4133 1028 4138; x_wconf 84' lang='grc'><em>“</em></span> 
     </span>
    </p>
   </div>
   <div class='ocr_carea' id='block_1_9' title="bbox 0 0 1476 4662">
    <p class='ocr_par' dir='ltr' id='par_1_15' title="bbox 0 0 1476 4662">
     <span class='ocr_line' id='line_1_39' title="bbox 0 0 1476 4662; baseline 0 0"><span class='ocrx_word' id='word_1_276' title='bbox 0 0 1476 4662; x_wconf 95' lang='lat' dir='ltr'><strong> </strong></span> 
     </span>
    </p>
   </div>
  </div>
 </body>
</html>
