2924 4662
298 389 363 456 312
501 376 1089 454 vsstsscostnnn'ttnlt'

310 509 367 570 .'V.
382 509 668 588 rosaemannus
677 529 741 569 curn
749 514 856 568 ramice
865 512 1090 582 nen›ns.]Penis,
1100 508 1295 588 utVirgilius:

468 613 503 658 Ut
514 611 640 675 quondum
650 611 747 675 stipulis
760 627 861 675 magnus
874 611 927 658 sine
938 611 1032 658 viribus
1044 609 1119 674 ignis.

286 695 442 770 'Ramicem
455 695 526 753 dicit
537 697 715 754 intestinum.

331 796 367 850 V.
384 793 450 850 206.
465 795 519 861 Et,
535 795 661 868 quamvis
675 803 734 848 toto
744 796 886 868 palpetur
900 797 1002 861 noete]
1017 789 1163 860 Fricetur,
1177 809 1295 868 praepu·

293 887 399 946 dictur.
430 926 433 932 ·

330 985 367 1041 V.
384 985 449 1042 208.
462 985 598 1060 Suspecta
616 987 703 1042 tabido
722 991 784 1055 ert]
802 987 843 1043 Ut
861 983 983 1042 infames
1001 981 1151 1054 dicantur,
1166 983 1294 1060 quisine
1383 1014 1385 1018 ·
1458 983 1459 1024 i

290 1079 355 1139 ullo
371 1080 465 1139 calore
479 1085 589 1138 coitum
603 1081 775 1139 desiderant.

329 1180 366 1233 V.
379 1177 445 1234 216.
458 1179 549 1252 Quem
559 1179 857 1252 dicatvenzssepner]
869 1176 943 1248 Quia
951 1195 1004 1254 per
1012 1187 1123 1234 aetutem
1132 1195 1186 1234 nec
1196 1175 1292 1246 videt,

291 1285 321 1331 et
331 1272 387 1330 nisi
398 1293 471 1351 puer
481 1273 651 1344 admoneat,
665 1272 738 1330 nihil
753 1283 856 1350 sponte
870 1271 965 1328 sentit.

330 1370 366 1424 V.
384 1387 451 1441 ²¹7·
466 1366 613 1425 Proetereo
627 1369 889 1442 miminmgelc'do]
903 1369 944 1423 Ut
954 1364 1109 1443 Virgilius:

467 1507 580 1523 .....
597 1473 694 1540 gelidus
707 1473 817 1522 tardante
827 1482 930 1520 senecta.

465 1555 568 1618 Sanguis
581 1553 663 1600 hebet.

328 1661 365 1716 V.
382 1678 448 1734 219.
465 1658 631 1713 Morborum
649 1674 733 1712 omne
748 1659 857 1730 genus]
873 1653 908 1712 ld
923 1665 982 1725 est,
995 1672 1190 1732 omnewgenus
1209 1657 1291 1734 aegri-

187 1745 190 1750 ’
292 1755 419 1812 tudinis:
435 1764 469 1810 ut
480 1753 648 1822 Terentius,
660 1756 779 1826 Rogas?
791 1765 917 1808 senectus
928 1755 993 1826 ioca
1007 1753 1120 1808 morbus
1132 1765 1180 1808 est.

328 1856 365 1910 V.
378 1872 444 1909 221.
458 1850 695 1926 Quot'Tkemiron
707 1847 819 1926 tegens]
831 1847 982 1908 Archiater
991 1848 1072 1906 illius
1081 1847 1228 1926 temporis,
1240 1849 1294 1908 cui

289 1948 422 2010 detrahit.

329 2051 366 2106 V.
376 2065 447 2104 nos.
466 2049 544 2119 Quot
554 2047 688 2115 Basilus]
703 2043 869 2102 Advocatus
882 2043 934 2100 illo
945 2053 1074 2122 tempore
1085 2043 1292 2122 praevaricator.

328 2143 404 2204 Ibid.
420 2145 501 2218 Quot
509 2145 557 2200 cir.
568 2144 688 2212 Hirrus]
703 2142 804 2198 Tutor.
1284 2134 1290 2142 ⁸

328 2241 365 2297 V.
381 2239 447 2296 223.
465 2241 542 2313 Quot
557 2242 643 2313 longo
659 2239 737 2294 uiros
752 2237 876 2308 abroru]
895 2236 976 2293 Hanc
986 2234 1121 2292 ostendit
1137 2254 1186 2293 ore
1204 2235 1291 2292 fuisse

289 2339 443 2415 impuram.

329 2437 365 2489 V.
380 2442 447 2500 παι..
464 2434 541 2504 Quot
555 2431 705 2506 discipulos
722 2430 840 2486 inclinet
851 2430 1004 2485 Hamillus.
1011 2435 1020 2498 ]
1035 2429 1186 2507 Magister,
1200 2426 1292 2486 infan-

278 2541 355 2588 =tum
368 2539 530 2604 corruptor.
916 2559 918 2562 ·

330 2629 366 2682 V
382 2623 449 2682 ηαδ.
463 2625 532 2697 Quo
547 2624 680 2680 tondente
694 2624 814 2698 porti]
832 2623 977 2693 Heinius,
992 2643 1028 2681 ex
1050 2589 1166 2682 tonsore
1180 2634 1293 2680 senator

290 2720 392 2778 factus.

330 2819 366 2873 V.
384 2835 451 2890 227.
468 2817 525 2873 Ille
538 2817 677 2885 numero]
692 2811 779 2872 Redit
793 2813 829 2870 ad
847 2833 937 2873 senes.

330 2914 367 2968 V.
381 2931 448 2988 ²²9·
462 2914 564 2988 Digitio
575 2914 698 2980 olienis]
711 2909 846 2988 Chiragm
859 2909 965 2967 debilis
973 2911 1047 2988 ,qui
1057 2911 1094 2968 ob
1104 2910 1162 2969 alio
1171 2911 1296 2970 cibatur.

325 3010 366 3066 ·V.
381 3011 449 3064 230.
463 3010 607 3065 Didncere
618 3011 739 3080 rictum]
756 3009 796 3062 Os
811 3004 970 3082 applicare,
983 3018 1017 3063 ut
1030 3006 1105 3084 pulli
1116 3006 1294 3077 hirundinis,

293 3123 359 3182 quae
372 3104 460 3180 pleno
475 3124 524 3162 ore
539 3103 632 3172 volat,
647 3103 720 3159 dum
732 3102 840 3158 incibat
853 3101 929 3158 filios
943 3120 1019 3159 suos.

328 3201 369 3255 V.
389 3197 455 3254 233.
469 3200 575 3268 MaJor
583 3195 807 3265 densentta]Ad
824 3209 1004 3274 postremum
1018 3197 1099 3275 qnod
1111 3196 1225 3256 desides
1233 3197 1296 3276 (13)
1340 3207 1342 3210 '
1458 3231 1459 3238 .

293 3293 469 3352 efficiuntur

332 3395 379 3448 V.·
392 3391 458 3448 238.
482 3390 534 3444 Ad
554 3389 708 3458 Ptolem]
733 3389 882 3466 impuram
908 3387 981 3448 hanc
995 3386 1094 3449 :fuisse
1119 3391 1297 3464 demonstrat

293 3491 398 3565 potita,
410 3486 561 3542 interesset
574 3483 712 3542 artificem
723 3483 761 3540 ad
772 3484 994 3561 inquietandum
1007 3487 1083 3544 senis
1096 3487 1255 3564 inguinem·
1292 3497 1294 3502 ’

331 3575 368 3638 V.
385 3583 451 3656 239.
469 3577 556 3653 Quod
566 3584 700 3648 steterat]
716 3580 758 3635 Ex
772 3599 807 3636 eo
822 3575 912 3656 quim
925 3580 977 3636 diu
988 3583 1154 3657 prostiterit.

332 3680 368 3734 V.
383 3687 450 3746 240.
467 3675 506 3731 Ut
514 3677 634 3750 urgeant
643 3694 750 3730 sensus
753 3681 762 3746 ]
778 3679 856 3734 Pone
870 3686 975 3734 utnon
988 3676 1025 3732 sit
1036 3675 1157 3734 demens
1163 3677 1233 3756 ,qui
1244 3677 1299 3735 diu

294 3773 413 3843 vixerit,
428 3784 525 3828 tamen
539 3789 639 3851 omnes
652 3770 756 3829 effert'
749 3790 810 3848 ipse
823 3771 899 3829 filios
913 3791 990 3830 suos.

332 3874 368 3927 V.
379 3875 445 3935 πίῃ.
454 3867 994 3940 PlenoeqnesororibusnrnanJVasain
1001 3869 1301 3944 quibusmortuorum

295 3985 357 4026 osso
371 3961 639 4058 componebantur,
652 3974 806 4043 postquam
820 3979 926 4044 corpus
940 3963 1063 4034 arsisset,
