2818 4654
431 443 435 452 '
528 427 667 492 VITA.
1061 447 1100 488 at

98 557 128 602 ut
137 544 234 604 voluit
245 543 411 606 Salmasius.
425 551 538 606 Paratus
550 551 628 608 enim
639 549 676 608 ad
689 548 849 608 editionem
861 567 921 608 uno
936 547 1102 625 eodemque

95 655 225 720 tempore
240 642 328 702 luisse
340 643 388 702 vel
402 643 477 702 illud
490 647 604 724 arguit,
618 645 702 724 quod
717 645 759 702 bit
773 645 837 703 illas
851 657 947 720 terque
961 645 1102 700 recitaret.

97 743 162 797 Non
183 739 295 798 scilicet
315 741 456 811 seorsim,
477 741 528 800 sed
550 743 616 800 unis
640 741 846 819 continuisque
867 740 1104 816 recitationibus,

97 856 169 916 quas
187 837 307 914 quidem
325 851 389 896 ante
407 838 527 896 exilium
549 839 718 916 scripserat,
732 839 890 896 universas.
908 835 1040 914 Ciamque
1054 836 1107 894 diu

98 954 127 992 se
143 955 159 992 a
177 934 347 993 recitatione
364 936 555 1007 continuerit,
570 935 694 1014 proinde
711 935 780 994 anni
797 937 921 998 CXVIII
939 934 1014 1004 line,
1030 934 1108 992 feriis

97 1031 235 1099 fortasse,
246 1048 319 1107 quas
328 1031 545 1090 recitationibus
555 1031 729 1109 plerumque
741 1030 862 1103 dabant,
872 1029 1107 1100 vindemialibus,

98 1147 156 1184 non
169 1139 269 1184 autem
282 1127 400 1197 estivis,
413 1128 553 1186 recitavit.
569 1126 694 1184 Ultimas
706 1127 808 1186 satiras
820 1145 837 1182 a
849 1129 939 1195 XIII,
952 1139 1016 1184 tum
1030 1138 1109 1184 certe

99 1223 217 1302 scriptas
236 1234 304 1281 nota
321 1221 372 1280 illa
391 1222 561 1300 sexagesimi
580 1242 600 1278 a·
616 1222 728 1280 Fonteii
746 1221 900 1282 consulatu
918 1222 986 1280 anni
1005 1221 1108 1291 docet,

98 1320 185 1382 etiam
198 1319 369 1378 observante
383 1319 533 1378 salmasio.
549 1317 721 1392 ddss'lrajani
734 1317 821 1374 etiam
833 1327 963 1395 tempora
975 1317 1110 1377 exeuntia

102 1415 267 1494 spectabant
275 1428 361 1472 terrce
370 1428 462 1472 motus
475 1413 536 1484 illi,
549 1433 674 1491 quorum
687 1415 796 1475 mentio
811 1414 937 1472 occurrit
946 1415 977 1472 in
988 1426 1042 1471 sat,
1051 1418 1109 1483 VI,

104 1522 173 1588 409,
187 1522 242 1581 tro
252 1512 448 1582 ,observante
462 1511 570 1588 Lipsio.
586 1513 655 1570 Erat
667 1512 745 1570 enim
759 1524 842 1570 terrae
857 1523 956 1570 motus
969 1511 1019 1570 ille
1033 1531 1109 1570 auno

88 1605 152 1690 ¹pro
165 1613 272 1670 nostris
280 1611 404 1678 ¹calculis
412 1613 505 1669 CXIV
515 1623 650 1678 exeunte,
661 1630 715 1688 pro
727 1611 850 1688 receptis
856 1623 954 1668 autem
967 1611 1056 1679 CXV,
1066 1611 1112 1668 iti-

100 1707 165 1766 dem
180 1719 316 1766 exeunte.
332 1710 368 1764 Et
381 1711 559 1764 Frontonem
575 1705 679 1775 illum,
695 1707 779 1784 cujus
798 1706 906 1784 platani
920 1718 949 1764 et
963 1725 1110 1764 marmora

99 1805 248 1884 perpetuis
263 1809 415 1884 poetarum
431 1803 650 1862 recitationibus
669 1803 826 1871 assumant,
839 1816 874 1864 ut
888 1823 942 1862 nos
957 1803 1044 1861 docet
1059 1807 1113 1861 Ju-

98 1902 207 1960 venalis
226 1901 292 1979 ipso
311 1913 362 1958 sat.
385 1904 415 1972 1,
428 1900 529 1972 initio,
543 1919 603 1958 non
622 1898 714 1957 ulium
731 1899 865 1958 existimo
883 1919 901 1958 a
920 1899 1110 1958 celeberrimo

97 2011 210 2058 oratore
229 2001 273 2056 M.
296 2000 426 2056 Cornelio
443 2001 607 2066 Frontone,
623 1996 714 2054 Marci
731 1997 875 2074 Luciique
892 1998 1110 2056 Antoninorum

95 2097 251 2176 magistro,
266 2095 318 2172 qui
331 2095 386 2152 sub
399 2093 550 2156 Hadriam
560 2093 706 2171 praecipue
720 2105 749 2150 et
766 2079 860 2152 Pioet
875 2098 973 2152 Marco
989 2093 1109 2163 floruit,

95 2211 136 2252 ne
147 2193 194 2250 ad·
212 2199 345 2268 tempora
364 2189 508 2248 Hadriano
530 2190 694 2266 antiquiora
713 2190 805 2266 possit
823 2188 979 2247 commode
998 2191 1108 2248 referri.

94 2287 184 2345 Vidit
196 2286 283 2346 illum
296 2297 371 2342 certe
385 2285 550 2364 audivitque
566 2285 621 2342 sub
634 2285 686 2342 Pio
700 2284 814 2342 Gellius
827 2286 934 2362 (Noct.
945 2290 1006 2345 dtt.
1018 2287 1109 2356 XIII,

94 2385 156 2454 28,
170 2385 261 2452 XIX,
275 2382 310 2451 8,
328 2401 378 2452 ιο,
398 2379 459 2457 13).
474 2381 665 2441 Consulatum
676 2393 774 2440 autem
786 2380 842 2438 sub
851 2379 997 2459 discipulo
1007 2383 1109 2460 gessit,

94 2493 130 2540 ut
138 2479 273 2548 videtur,
287 2482 396 2536 Marco.
412 2481 514 2549 Erant,
527 2479 636 2548 fateor,
649 2478 698 2536 alii
718 2497 838 2558 quoque
848 2477 914 2538 illis
927 2479 1110 2557 temporibus

94 2582 307 2644 Fromonesmt
319 2576 480 2635 observavit
486 2575 558 2634 olim
567 2575 605 2636 ad
614 2576 713 2635 locum
719 2575 845 2653 junioris
854 2575 940 2634 Plinii
947 2579 1107 2638 Camnaeus.

96 2678 130 2732 In
138 2674 199 2732 illis
210 2675 299 2731 etiam
309 2677 415 2732 Fronto
429 2675 528 2733 Catius
540 2673 595 2732 sub
606 2675 729 2752 Trojano
743 2686 840 2732 orator
848 2686 877 2731 et
885 2675 948 2752 ipse
957 2687 986 2731 et
995 2689 1111 2734 senator

98 2771 192 2830 Plinio
201 2769 257 2849 ipsi
267 2784 418 2841 coaevus-et
427 2772 464 2829 ab
474 2790 509 2828 co
521 2790 581 2828 non
592 2789 652 2827 uno
661 2769 692 2826 in
702 2769 955 2828 locomemoratus
964 2772 1059 2849 (epist.
1069 2775 1111 2843 11,
1178 2761 1180 2770 ¹

101 2888 147 2938 11,
158 2873 212 2936 IV,
223 2888 257 2944 9,
267 2870 319 2936 VI,
336 2869 370 2925 13
379 2868 402 2944 )
412 2867 503 2924 Illum
513 2865 700 2946 grandaevum
708 2865 869 2925 admodum
879 2866 967 2924 fuisse
977 2880 1111 2946 oportet,

97 2964 120 3021 si
133 2965 227 3022 Marci
239 2976 372 3042 tempora
385 2964 526 3041 attigerit,
542 2963 566 3021 si
582 2963 666 3020 Plinii
681 2974 812 3039 tempore
826 2974 908 3020 aetate
923 2963 1010 3020 suerit
1025 2983 1111 3022 sena-

93 3043 179 3118 toria.
192 3044 396 3138 Eumdemque
408 3080 474 3118 sane
487 3059 610 3118 credidit
621 3063 780 3118 Catanaeus.
790 3059 895 3117 Nescio
907 3078 943 3116 an
952 3072 1040 3118 recte.
1051 3061 1111 3118 Sed

97 3165 266 3233 temporum
280 3157 370 3225 ratio,
383 3168 413 3214 et
428 3155 509 3214 favor
521 3156 553 3214 in
568 3155 654 3214 illum
667 3153 822 3226 Hadriani,
838 3167 866 3212 et
879 3173 931 3232 par
943 3155 1017 3214 adeo
1031 3155 1111 3214 illius

98 3251 127 3309 in
139 3252 283 3310 litteratos
296 3247 425 3310 studium
438 3252 470 3309 id
484 3253 632 3322 efficiunt,
646 3264 680 3308 ut
693 3271 753 3309 non
767 3250 857 3308 alium
870 3251 955 3310 illurn
966 3253 1055 3310 fuisse
1066 3273 1113 3310 ve-

96 3347 304 3407 risimillimum
316 3350 374 3407 sita
383 3351 473 3408 Marci
485 3362 663 3428 praeceptore
672 3390 680 3417 ,
690 3347 730 3405 'de
741 3367 801 3425 quo
812 3347 944 3425 loquitur
951 3349 1111 3407 luvenalis.

96 3445 131 3506 Id
151 3457 252 3507 tamen
269 3446 415 3523 praecipue
434 3445 557 3516 suadet,
578 3446 621 3502 uti
644 3444 724 3514 dixi,
745 3456 842 3502 tantus
861 3447 909 3501 ille
929 3448 1110 3504 recitantium

97 3561 248 3612 numerus,
268 3542 450 3618 temporibus
471 3543 610 3601 Hadriani
634 3541 852 3600 convenientior
873 3541 962 3620 quim
982 3541 1108 3622 Trajani.

96 3640 219 3718 Trajano
240 3650 318 3696 certe
340 3637 499 3714 imperante
521 3642 645 3697 Romam
665 3639 705 3696 ita
724 3637 842 3716 reliquit
859 3639 1015 3708 Martialis,
1028 3652 1062 3696 nt
1080 3643 1111 3704 in

98 3733 220 3811 patriam
230 3733 411 3805 discesserit,
423 3755 477 3792 nec
487 3736 556 3793 inde
569 3755 699 3814 unquam
711 3748 812 3812 postea
823 3733 950 3792 redierit.
962 3739 1029 3793 Non
1038 3735 1112 3806 alia,

41 3907 45 3912 Ι
95 3843 128 3888 ut
135 3831 270 3901 videtur,
283 3842 385 3900 causa,
399 3827 488 3908 qu'arn
499 3831 580 3910 quod
593 3831 667 3891 lucri
682 3846 698 3889 'e
714 3830 811 3889 studio
822 3829 950 3908 poetices
958 3831 1112 3908 'quaerendi

96 3945 162 4006 spes
179 3923 275 3992 omnis
290 3927 428 4006 deinceps
446 3917 563 4006 penitus
577 3921 774 3992 decollaverit.
789 3926 914 3987 Proinde
925 3925 1112 3984 verisimilius

96 4025 254 4096 existimo,
278 4025 329 4106 qui
356 4044 432 4085 anno
454 4025 581 4088 CXVIII·
597 4024 776 4085 Hadrianum
800 4022 975 4094 offenderit,
993 4021 1114 4082 missum
