2930 4660
288 393 354 481 ⁴196
504 393 546 457 H.
571 393 636 456 aa
660 391 695 458 e.
719 375 1088 456 vannsiou'uu

290 543 303 570 a
316 519 404 576 unius
419 536 449 576 se
462 518 589 576 hominis
603 517 726 594 (nempe
733 513 893 574 Alexandri
903 512 1020 592 Magni)
1034 529 1079 572 res
1091 519 1184 587 gestas
1194 518 1224 564 et
1233 510 1298 586 ejus

290 599 516 693 «juveniacum
535 612 640 691 populi
659 614 720 691 jam
743 609 1009 690 quingentesimum
1031 625 1142 664 anuum
1163 603 1300 663 bellantis

291 736 303 762 a
316 712 404 770 rebus
416 711 564 780 conferre,
575 711 716 768 miremur
730 711 754 766 si
768 705 837 766 ciam
855 727 891 765 ex
910 706 964 764 hac
983 715 1064 783 parte
1082 703 1191 758 soecula
1203 704 1298 776 pluro

290 832 303 860 u
314 819 505 868 numerentur
515 806 604 881 qudm
615 825 651 864 ex
661 804 711 863 illa
721 806 809 875 anai,
821 802 889 881 plus
899 803 930 860 in
938 815 997 868 tarn
1006 798 1094 877 longo
1104 797 1197 876 spatio
1205 791 1295 874 quim

290 928 303 954 a
315 904 346 960 in
359 915 442 962 aetate
455 902 594 962 tredecim
606 920 750 961 annorum
764 901 880 958 fortuna
889 897 1073 956 variaverit.»
1096 897 1129 954 C.

288 1055 319 1097 v.
338 1058 412 1123 271.
431 1034 544 1098 Exitus
556 1034 610 1097 ille
621 1049 798 1119 utcumque
809 1031 970 1095 hominis:
984 1028 1040 1094 sed
1052 1041 1142 1091 torua
1154 1027 1272 1090 canino

431 1133 578 1197 Latruvit
590 1135 686 1212 n‘ctu,
700 1153 771 1219 quac
784 1146 856 1234 post
867 1129 1107 1208 hunerixerat,
1121 1125 1233 1213 aaaron]

281 1259 285 1266 ¹
328 1274 399 1350 Legi
423 1273 533 1332 alicubi
553 1275 615 1327 aava
636 1271 744 1330 Graecis
768 1264 876 1328 dictam
901 1279 931 1326 et
953 1261 1185 1345 cognominatam
1206 1263 1295 1323 fuisse
1334 1323 1338 1331 ,

288 1371 455 1441 Hecubam,
469 1369 552 1448 qubd
566 1369 703 1429 conviciis
717 1372 848 1436 Grecos,
862 1366 914 1444 qui
934 1367 964 1424 in
984 1361 1091 1424 liberos
1108 1383 1176 1422 suos
1195 1363 1295 1420 saevie·

288 1471 371 1535 rant,
382 1485 496 1545 semper
515 1468 722 1537 insectaretur,
736 1476 767 1524 et
786 1465 864 1523 canis
880 1465 970 1521 instar
988 1461 1132 1520 allatraret
1145 1482 1152 1516 ε
1167 1459 1295 1538 indeque

223 1559 228 1566 ’
283 1561 396 1638 ¹fabulae
418 1565 600 1622 occasionem
622 1576 728 1620 natam.
752 1561 836 1620 Idem
859 1559 949 1618 ferme
971 1559 1012 1618 ait
1031 1556 1151 1615 Plautus
1173 1557 1203 1614 in
1226 1559 1294 1613 Me-

288 1657 436 1728 uechmis,
451 1677 490 1715 sc.
510 1680 543 1730 1,
555 1671 610 1716 act.
623 1659 669 1715 V:

359 1776 439 1824 Mra.
457 1772 1123 1840 Nantuacis,mulier,Hecubamqnaproptercauem
1159 1757 1161 1762 ¹

357 1877 360 1886 Α
456 1855 525 1905 Graii
538 1873 590 1904 esse
601 1855 790 1922 prediubantr.
799 1857 876 1904 Mra.
893 1855 1080 1920 Nouequidem
1092 1855 1152 1902 ecio.

358 1937 438 1988 Man.
457 1940 522 2002 Quia
531 1937 598 1987 idern
608 1937 715 1988 faciebat
723 1938 839 1998 Hecuba,
847 1935 917 2002 quod
925 1947 954 1984 tu
963 1952 1032 1985 nunc
1043 1937 1116 1986 facis:

461 2022 554 2069 Omnia
562 2021 625 2068 mala
635 2020 775 2088 ingerebat,
787 2035 936 2084 quemquem
946 2029 1085 2084 aspexerat,

458 2103 547 2166 ltaque
555 2101 617 2150 adeo
624 2101 681 2166 jure
692 2112 773 2166 coepta
783 2096 903 2167 appellari
913 2111 951 2149 est
961 2098 1034 2147 cauis.

287 2203 508 2283 Trypbiodorue
521 2204 552 2262 in
564 2204 612 2262 Ilii
629 2203 702 2263 aiosi
715 2204 903 2264 Cassandram
920 2203 1080 2264 introducit
1092 2205 1293 2264 vaticinantem

288 2313 317 2357 et
328 2300 473 2360 dicentem
489 2302 534 2379 (v.
552 2300 643 2378 389):

468 2429 554 2497 Μῆτιρ
569 2427 736 2496 ductorductor,
750 2427 777 2478 ui
793 2422 823 2479 di
839 2428 938 2497 βροτέης
951 2429 999 2481 ἀπὸ
1011 2431 1102 2499 μορφῆς

465 2539 607 2595 Δυσσαλέην
623 2538 663 2591 tet
679 2539 751 2592 παισὶ
765 2537 823 2594 Oroi
837 2542 897 2593 κύνα
910 2542 1047 2597 accinctum.
1212 2534 1243 2590 C.

288 2699 319 2741 v.
340 2677 413 2763 309.
433 2675 654 2756 strumosum,
672 2693 768 2766 atque
787 2693 874 2743 utero
895 2679 1035 2768 pariter,
1052 2680 1218 2772 gibboque
1240 2697 1292 2748 tu·

474 2775 648 2864 mentem]

325 2932 370 2988 lta
376 2945 486 2998 omnes,
493 2938 523 2984 at
530 2923 606 2984 male
613 2925 824 3005 omniuo.Lege
832 2945 867 2985 ex
875 2947 931 2996 me,
938 2939 1025 3004 atque
1032 2929 1101 2984 uem
1109 2929 1225 3006 pariter,
1234 2940 1290 2985 etc.

286 3002 364 3096 iteam
375 3036 404 3082 et
417 3024 495 3099 ἴτρον,
508 3022 674 3093 abdomen,
687 3023 765 3082 imus
777 3035 894 3093 venter,
909 3043 974 3102 para
987 3023 1062 3082 inter
1074 3025 1249 3084 umbilicum
1261 3037 1292 3082 et

287 3119 381 3178 virilia
394 3121 505 3199 posita„
517 3123 553 3179 In
570 3119 710 3198 glossario
729 3121 801 3193 ἰτρίον
812 3162 820 3186 ,
833 3121 955 3192 iterata„
968 3121 1047 3190 etin
1066 3120 1168 3199 glossis
1186 3122 1293 3180 Isidori

285 3221 396 3274 iterum.
416 3217 491 3276 Nam
505 3227 534 3273 et
552 3228 645 3272 uterus
663 3214 701 3272 de
718 3233 810 3291 puero
831 3233 892 3272 non
909 3215 1017 3274 dicitur
1030 3228 1060 3275 et
1075 3216 1112 3274 de
1129 3217 1203 3276 viro.
1216 3218 1292 3276 Vide

204 3354 207 3362 ·
285 3313 458 3376 salmasium
478 3315 510 3371 in
528 3312 654 3372 Historia
670 3315 748 3391 Aug.
772 3311 809 3370 de
829 3332 901 3372 voce
917 3316 1035 3384 iterum,
1053 3333 1090 3372 an
1108 3313 1166 3372 boc
1185 3313 1294 3372 notdn't

280 3411 344 3492 jam
354 3409 433 3488 apud
445 3409 630 3480 iuvenalem,
641 3397 763 3486 dignum
775 3408 894 3467 omnino
906 3409 1009 3468 notam.
1023 3411 1199 3467 Veum'osum
1208 3430 1291 3490 ergo,

285 3520 321 3567 ut
331 3506 464 3584 loquitur
475 3505 612 3576 Plautus,
626 3505 722 3563 innuit
734 3505 882 3564 iuvenalis
895 3506 1082 3566 adolescenfl'.
1103 3508 1137 3564 C.
1242 3581 1244 3586 Ι

285 3679 316 3736 r,
335 3655 409 3722 312.
434 3705 442 3720 .
467 3704 475 3720 .
502 3703 510 3719 .
534 3656 576 3718 Et
588 3675 698 3742 paenas
714 3669 851 3737 metuet,
866 3677 1082 3744 quascumque
1094 3655 1203 3720 mariti

433 3755 572 3840 Exigere
588 3751 690 3839 irati]

326 3905 424 3987 vulgo
438 3893 477 3964 aa
490 3902 613 3984 legitur,
628 3901 722 3976 aaa
738 3873 972 3963 subaudiendum
985 3902 1063 3966 eam
1077 3903 1165 3974 foret,
1177 3906 1287 3994 soant,
