2924 4662
404 333 460 401 tat
482 333 657 402 ΠΠΙΠ.
681 332 910 408 SnTlllAbf.
924 336 993 406 tn
1142 361 1201 437 ¹2¹

206 511 208 516 .
235 463 271 517 V.
287 460 354 518 atto.
368 461 561 533 (ιωιιιᾶὶιι
576 459 700 534 nanda
723 459 781 521 hoc
801 460 980 524 ubuum
997 461 1035 526 dt
1050 479 1125 526 uxor
1141 463 1206 541 gn.

198 557 327 618 dictoris.

236 659 272 710 V.
289 661 362 724 ηιμ·
372 655 411 710 In
422 655 546 711 aarum
558 659 633 724 ειη]
647 653 818 732 metaphora
829 675 847 714 a
860 654 1005 722 militibus
1017 655 1049 718 in
1059 656 1203 721 aunone:

197 749 338 827 quoniam
346 747 456 806 milites
466 767 580 827 semper
589 748 628 807 ad
639 749 853 814 ambladensium
863 752 1207 830 puniisunhqmcum-

199 864 258 926 que
274 845 333 902 illis
347 843 419 904 hora
430 845 580 924 jubeatur.

199 967 205 974 ·‘
235 950 274 1008 V.
289 946 357 1024 276.
376 953 420 1007 d'u
435 952 487 1006 riti
495 962 561 1007 naue
575 957 684 1022 uruca]
698 947 796 1020 lienes
809 951 957 1030 mimilogi
969 952 1083 1029 stupidi
1097 973 1205 1012 nomen

197 1046 299 1116 linxit,
321 1045 390 1122 quis
411 1045 502 1104 fernae
527 1047 611 1124 quasi
630 1047 796 1124 frequenter
812 1047 901 1116 fallit,
917 1044 987 1106 eima
1003 1046 1045 1124 (Β)
1064 1049 1155 1126 magis
1176 1062 1206 1108 et

199 1160 352 1220 personam
367 1141 479 1199 mariti:
493 1141 558 1211 vel,
572 1153 608 1200 ut
620 1141 670 1199 alii
683 1141 905 1220 dicunugenua
918 1143 1203 1215 assumseram,
1244 1197 1246 1202 ,

199 1238 325 1316 spinosi,
339 1249 374 1294 ut
394 1238 509 1295 ericius.
530 1241 629 1298 Unuca
647 1251 745 1296 summ
764 1250 808 1298 est
828 1238 945 1317 proprio
964 1237 1058 1310 illud,
1072 1239 1157 1317 qubd‘
1171 1241 1203 1298 in

78 1345 83 1364 ¹
199 1333 265 1392 faba
278 1334 420 1404 nascitur,
434 1347 468 1391 ιιι
481 1335 625 1413 gurgulio.
717 1345 720 1352 '

223 1514 225 1519 Ι
237 1439 273 1496 V.
282 1439 348 1498 ndo.
358 1441 553 1514 Quintiliane]
561 1440 757 1513 Quintilianus
768 1453 864 1500 orator
871 1414 1017 1520 egregius:
1028 1441 1086 1512 dic,
1096 1441 1202 1513 orator,

197 1537 344 1608 odorem,
358 1538 395 1596 ad
409 1537 607 1598 defensionem
622 1537 711 1618 hujus
723 1559 825 1598 causae.

154 1710 158 1718 .
198 1645 202 1654 ‘
236 1645 272 1700 V.
290 1645 354 1706 281.
369 1629 529 1700 Horremds.
545 1646 600 1701 Dic
612 1647 714 1719 ipsud]
729 1647 881 1723 Tanquam
895 1655 993 1703 orator
1004 1643 1202 1723 responderit,

196 1739 302 1798 mulier
317 1739 422 1798 deinde
439 1759 526 1798 suum
542 1741 651 1798 crimen
664 1741 803 1799 defendit.
1209 1745 1211 1752 '

198 1837 203 1848 ’
233 1851 269 1902 V.
285 1845 350 1913 284.
366 1849 460 1902 Homo
473 1843 557 1924 surm]
571 1845 643 1904 Nita
658 1858 737 1917 sum,
752 1859 787 1903 ut
799 1864 927 1926 peccem.

233 1951 270 2007 V
289 1949 356 2012 285
373 1955 455 2006 Iram
471 1963 557 2026 atque
577 1953 708 2021 animos]
730 1954 845 2028 Quanto
866 1951 1013 2030 ingentius
1033 1951 1143 2009 crimen
1160 1941 1203 2009 est

196 2045 277 2122 quod
291 2045 470 2117 admittitur,
485 2059 565 2104 tanto
583 2045 769 2125 deprehensae
789 2049 929 2148 maJ'orem
949 2047 1087 2106 induunt
1095 2047 1133 2106 ad
1152 2048 1204 2106 de·

197 2139 378 2221 fundendum
391 2143 549 2202 audaciam.

236 2249 272 2302 V
288 2248 353 2323 289.
368 2251 452 2304 Tecta
466 2249 568 2320 labor]
584 2249 657 2306 Nam
668 2245 753 2308 labor
765 2258 864 2304 custos
879 2259 922 2307 est
936 2246 1080 2304 castitatis.

200 2345 272 2408 V.
287 2358 354 2422 291.
372 2345 482 2401 Collina
496 2344 591 2426 turre]
604 2342 719 2422 Colliup
734 2354 850 2413 monte,
865 2355 899 2399 ut
912 2354 1004 2421 porta.

236 2443 271 2497 V.
284 2441 349 2516 293
363 2442 528 2517 Victumque
540 2443 577 2497 ul.
590 2441 694 2496 orbem
695 2439 707 2519 ]
720 2439 829 2497 Orbem
836 2459 944 2517 ,quem
955 2457 1009 2496 nos
1019 2435 1200 2516 subegimus,

195 2535 353 2608 lascivitas,
368 2557 434 2618 quae
448 2557 501 2596 nos
514 2537 633 2608 invasit,
647 2535 786 2597 defendit.

195 2646 269 2708 V.
276 2645 349 2721 296.
363 2641 404 2702 Et
413 2645 529 2720 Sybaris
541 2643 652 2722 colles]
662 2641 795 2722 Sybarim
810 2643 956 2702 civitatem
968 2601 1091 2711 initalia
1103 2639 1202 2700 Philo-

196 2752 277 2798 ctetae
286 2742 405 2799 comites
416 2741 625 2799 condiderunt:
639 2759 704 2816 quae
713 2740 783 2798 urbs
793 2752 890 2818 postea
903 2741 933 2796 in
946 2752 1058 2797 tantum
1068 2721 1202 2823 prolapsa

194 2849 238 2896 est
248 2838 278 2896 in
289 2857 376 2899 omne
387 2838 528 2914 probrum
539 2837 677 2908 contiuua
686 2835 838 2906 felicitate,
848 2848 883 2892 ut
894 2854 1001 2892 nomen
1012 2835 1049 2892 ad
1061 2835 1201 2914 significa-

191 2933 304 3004 ,tionom
315 2933 507 3011 impudicitiae
520 2929 682 3013 significare
690 2931 831 2993 videatur.
847 2930 986 2989 Similiter
999 2943 1028 2988 et
1039 2929 1160 2988 Rhodos
1173 2943 1203 2988 et

194 3029 354 3096 bliletoain
368 3029 479 3088 Graecia
492 3032 630 3088 civitates.
649 3029 786 3091 Potulana
801 3039 899 3100 autern
915 3026 986 3084 dicit
995 3028 1105 3110 ,quia
1100 3027 1202 3100 adver-,7
1236 3071 1248 3092 ,

195 3143 261 3184 sum
274 3129 422 3184 Romanos
435 3126 547 3186 bellum
561 3146 636 3208 saepe
648 3137 820 3195 moverunt,
835 3137 864 3184 et
877 3143 906 3182 ae
918 3123 1028 3206 Pyrrho
1040 3119 1199 3182 sociarunt:

110 3280 113 3286 ,
191 3233 385 3290 coronatum,
397 3223 579 3293 inconviciis
592 3222 761 3294 madidum,
775 3220 897 3278 fluxum.
952 3298 955 3304 ἱ
1038 3277 1040 3284 ,

237 3327 274 3378 V.
287 3325 353 3397 298.
368 3326 651 3401 Obscoenapeeunia.
653 3327 664 3404 ]
676 3327 752 3402 Quia
761 3347 810 3404 oro
820 3326 957 3393 obscoeno
968 3338 1045 3388 sunt.
1046 3324 1200 3417 Horatius,

200 3415 237 3474 de
251 3416 440 3496 hujusmodi:

441 3572 447 3585 .
468 3571 474 3584 .
494 3573 501 3586 .
522 3572 529 3585 .
548 3537 961 3606 Superboprnvocesabinpnina,
981 3567 984 3579 ·

380 3659 383 3664 .
475 3615 528 3674 Ore
537 3615 730 3695 adlaborandum
741 3625 778 3666 eat
789 3619 842 3669 tibi.

231 3739 267 3793 V.
286 3737 353 3806 304.
372 3737 443 3796 cim
458 3738 561 3822 bibitur·
571 3737 781 3814 conclamluNon
792 3738 940 3802 calicibus.

232 3835 269 3892 V..
285 3835 351 3891 306.
370 3837 437 3908 Qun
450 3836 564 3892 sorbeat
575 3841 646 3890 odra
658 3833 774 3911 sanum]
790 3837 935 3896 Revocato
948 3833 1066 3896 aanhus
1077 3835 1199 3913 spiritu,

195 3925 315 3988 insultet
328 3923 426 4004 ebria,
440 3951 474 3990 ao
487 3921 541 4009 per
550 3930 611 3989 boc
621 3927 745 3992 ronchos
760 3928 861 3989 ducat.
896 3965 904 3980 .
