2818 4654
255 393 296 462 58
481 393 522 460 1).
547 393 689 462 IUNII
718 393 1010 463 JUVENALIS

251 517 396 577 Juvenalia
406 537 474 576 cum
484 537 591 578 comm.
601 521 648 577 Jo.
660 517 816 578 Britannici
826 531 856 578 et
865 519 982 579 scholiis
991 519 1075 580 colii
1110 517 1115 532 ’

289 615 416 686 Secundi
434 615 584 686 Curionis,
598 616 677 695 apud
702 615 819 675 Hieron.
839 617 1031 689 Frobeniurn,
1046 627 1076 674 et

289 712 384 770 Nicol.
400 711 752 790 Episcopium,'Basileae,
854 744 856 753 ·
1102 709 1187 769 1551.
1209 711 1251 768 i‘.

249 829 276 883 J.
291 825 437 884 luvenalis
453 838 482 883 et
497 829 533 883 A.
548 825 636 884 Persii
656 829 718 885 Sat.
735 825 980 884 annotatiunculic
990 823 1075 884 illue·
1174 888 1179 896 ,

260 902 481 1000 'natae,¹apud
493 925 562 980 Ant.
577 920 780 992 vincentium,
795 921 947 1002 Lugduni,
1100 918 1251 978 155611.

248 1035 395 1095 luvenalis
409 1047 439 1094 et
450 1036 539 1096 Persii
552 1037 610 1096 Set.
625 1035 774 1116 Lugduni,
1097 1032 1183 1106 1557.
1203 1053 1251 1092 ra.

247 1147 410 1220 Iuvenalis,
421 1150 500 1228 apud
514 1149 604 1208 Mich.
618 1152 781 1221 Vaacooan,
795 1149 921 1220 Parisiis,
1100 1145 1186 1221 1557.
1209 1149 1250 1218 4'.

248 1263 394 1350 luvenalis
401 1275 430 1321 et
436 1265 548 1322 Persius
560 1283 629 1322 cum
636 1263 881 1324 annotatiunculis
889 1265 920 1322 in
928 1262 1074 1342 margine,

286 1361 467 1438 Antverpiae,
1104 1357 1188 1434 1559.
1212 1359 1254 1414 8⁸.

247 1474 328 1533 lunii
340 1473 486 1532 Juvenalia
500 1485 529 1531 et
541 1476 578 1530 A.
593 1474 682 1532 Persii
697 1473 756 1532 Sat.
777 1474 857 1554 apud
874 1473 995 1534 heredes
1008 1473 1075 1534 Sch.

288 1569 427 1648 Gryphii,
442 1566 592 1648 Lugduni,
1103 1566 1187 1626 1560.
1209 1585 1255 1624 ra.

249 1681 395 1742 luvenalis
409 1694 439 1739 11
456 1685 493 1739 Α.
514 1682 603 1740 Persii
621 1685 681 1742 Sat.
703 1703 772 1742 cum
789 1681 1033 1742 motiunculis
1047 1682 1078 1740 iu

288 1778 433 1856 margine,
447 1776 526 1856 apud
540 1777 751 1856 Hieronymum
765 1779 801 1837 de
814 1779 931 1838 Mamef
937 1821 945 1850 ,
959 1778 1076 1836 11111111-

287 1873 398 1944 licano,
409 1871 507 1933 niente
521 1873 558 1932 D.
572 1871 691 1947 Hilarii,
705 1873 831 1946 Parisiis,
1102 1870 1187 1930 1561.
1208 1892 1251 1930 ra.

249 1986 394 2046 luvenalis
405 1999 435 2045 et
445 1989 572 2060 Persius,
584 1987 662 2067 apud
674 1993 719 2047 Jo.
732 1988 914 2058 Frellonum,
925 1987 1077 2066 Lugduni,
1102 1987 1186 2046 1561.
1208 2006 1253 2046 11.

249 2101 330 2159 lunii
344 2103 488 2160 1111111111
499 2115 528 2161 et
540 2107 577 2161 A.
592 2104 680 2161 Persii
692 2105 749 2162 Sat.
761 2123 809 2182 ap.
821 2102 920 2161 eumd.
930 2100 1081 2180 Lugduni,
1104 2100 1189 2170 1564.
1209 2119 1253 2158 12.

248 2215 395 2274 luvenalis
412 2217 562 2275 satirarum
581 2216 633 2275 lib.
653 2219 691 2288 V,
710 2230 740 2277 et
758 2221 794 2276 A.
815 2217 905 2276 Persii
924 2216 1075 2274 satirarum

288 2312 340 2371 lib.
354 2316 385 2383 1,
396 2313 506 2371 Theod.
520 2311 672 2372 Pulmanni
684 2315 714 2372 in
726 2313 844 2372 eosdem
853 2312 1071 2382 annotationes,

286 2429 323 2468 ex
336 2409 453 2468 officina
463 2410 630 2489 Christophi
644 2409 785 2479 Plautini,
798 2409 981 2488 Antverpiae,
1102 2405 1188 2466 1565.
1211 2405 1253 2465 8⁰.

249 2545 262 2573 *
275 2538 421 2598 luvenalis
431 2539 587 2596 Satirarum
598 2539 650 2596 lib.
662 2544 699 2610 V,
711 2550 740 2596 et
749 2543 786 2597 A.
797 2539 885 2598 Persii
899 2538 993 2597 Flacci
1005 2537 1077 2598 Sati·

285 2655 384 2701 rarum
398 2633 450 2691 lib.
467 2635 498 2704 1,
513 2634 623 2692 Theod.
640 2634 794 2694 Pulmanni
809 2635 839 2692 in
853 2634 971 2693 eosdem
984 2655 1072 2694 anno·

285 2733 417 2801 tationes,
426 2727 1081 2824 1101111111(111111111111116111111111111,
1105 2729 1190 2790 1566.
1212 2731 1253 2787 8⁶.

742 2827 831 2895 (catal.
846 2827 877 2883 dc
890 2831 927 2878 De
939 2827 1038 2896 Thou).

248 2954 263 2980 ¹*
276 2953 314 3010 D.
325 2954 393 3008 Juu.
404 2951 560 3022 luvenalis,
571 2962 600 3010 et
608 2954 645 3008 A.
656 2950 745 3010 Persii
755 2950 797 3008 Fl.
811 2951 870 3008 Sat.
882 2969 952 3008 cum
959 2961 1071 3010 11111011.

286 3047 398 3106 Theod.
409 3047 572 3106 Pulmanni.
584 3048 750 3126 christoph.
763 3048 888 3106 Plantin.
899 3047 1079 3127 Antverpiae,
1103 3045 1188 3132 1566.
1210 3047 1254 3104 16.

822 3145 901 3213 (nn.
915 3145 996 3212 imp.)

249 3267 263 3296 *
275 3271 312 3326 D.
328 3271 397 3326 Jun.
412 3263 558 3327 Juvenalis
571 3279 600 3325 et
611 3272 648 3326 A.
664 3268 752 3326 Persii
764 3267 857 3326 Flacci
871 3271 930 3326 Sat.
945 3288 998 3348 per
1009 3271 1074 3328 An-
1218 3325 1225 3342 ,

287 3366 400 3424 tunium
414 3365 529 3443 (forsan
544 3363 743 3444 Gryphium),
754 3363 906 3443 Lugduni,
1105 3361 1189 3436 1567.
1212 3361 1253 3420 8⁰.

677 3461 811 3527 (Biblioth.
824 3462 859 3510 du
872 3462 1028 3528 Panthe'ou.)
1043 3499 1045 3507 .

248 3585 307 3644 *D.
319 3589 335 3643 J
337 3606 387 3643 un.
398 3583 544 3644 luvenalis
554 3596 582 3642 et
592 3587 627 3641 A.
637 3583 725 3642 Persii
735 3581 828 3641 Flacci
837 3587 896 3643 Sat.
908 3597 978 3642 vett.
987 3581 1071 3643 Mss.

245 3723 248 3730 ·
287 3681 384 3739 denuo
393 3681 505 3740 eollatae
517 3691 546 3739 et
554 3691 665 3738 annott.
675 3677 869 3757 locupletatae,
877 3683 945 3737 Ant.
956 3675 1070 3759 Gryph.

270 3843 273 3852 Ι
288 3777 441 3855 Lugduni,
1104 3773 1189 3849 1567.
1210 3777 1253 3832 16.
1268 3741 1274 3748 .

213 3881 217 3900 l
802 3856 882 3925 (Bihl.
895 3856 977 3923 Inp.)

247 3979 312 4037 *D.
327 3981 395 4037 1111
411 3977 557 4037 Juvenalir
574 3979 633 4038 su.
652 3995 706 4096 ger
718 3975 817 4036 Jacob.
838 3975 876 4034 de
890 3975 1075 4045 1111111-
