2924 4662
255 327 325 408 orii
483 327 627 391 VETT.
652 313 1027 392 COMMENTARII

251 449 398 529 impudici
416 449 624 510 describuntur
642 449 679 509 ab
700 447 862 527 Eupolide,
877 449 930 526 qui
950 445 1064 507 inducit
1078 439 1157 502 'viros
1171 437 1269 502 Athe-2
1352 499 1355 526 :

249 548 364 606 nienses
376 548 413 605 ad
426 548 619 606 imitationem
632 549 805 606 feminarum
819 546 977 603 salutantes
986 543 1047 622 (5),
1063 541 1167 600 lassare
1181 541 1266 620 psal-

253 645 347 702 triam.
362 649 459 722 Baptae
471 664 541 722 ergo
555 643 676 715 molles,
689 663 751 722 quo
762 643 850 702 titulo
864 639 987 720 Eupolis
1002 640 1177 700 comoediam
1192 637 1268 696 scri-

252 741 328 818 psit,
347 740 387 797 ob
409 761 499 818 qnam
519 741 555 798 ab
572 739 740 811 Alcibiade,
759 759 850 818 quem
867 739 1014 818 praecipne
1037 736 1270 815 prastrinxerat,

252 849 371 894 necatus
384 849 438 894 est.

293 932 370 990 Ibid.
392 935 534 1009 Cotyton]
549 932 597 992 Ad
615 933 785 1011 exemplum
803 931 918 1008 Cotyti,
933 929 1074 988 dicuntur
1086 928 1177 986 Isiaca
1191 946 1272 986 sacra

253 1028 403 1087 celebrari.

259 1113 268 1120 '¹
292 1123 330 1182 V.
353 1124 401 1201 95.
422 1127 515 1182 Vitreo
534 1125 604 1181 bibit
622 1126 671 1181 ille
690 1126 824 1200 Priapo]
849 1125 884 1180 In
903 1122 1031 1180 vitreum
1052 1141 1179 1198 penem,
1197 1138 1273 1200 qnos

254 1219 403 1300 appellant
417 1220 593 1298 drillop'otae.
634 1273 636 1278 .

294 1321 331 1376 V.
349 1338 398 1393 97.
419 1319 544 1374 Galbina
557 1321 648 1388 rasa]
664 1315 774 1383 Polita,
790 1313 917 1372 tenuiter
927 1333 999 1371 rasa.

274 1475 278 1484 ,
295 1416 331 1470 V.
349 1414 397 1490 98.
413 1416 453 1470 Et
455 1432 518 1489 per
525 1416 692 1484 lunonem]
707 1415 774 1470 Non
789 1431 842 1488 per
854 1414 972 1480 Jovem,
986 1407 1039 1468 sed
1051 1429 1104 1488 per
1115 1414 1274 1470 lunonem.

255 1515 316 1581 Ita,
330 1509 444 1586 inquit,
458 1509 533 1568 serii
547 1511 663 1588 jurant,
677 1528 738 1586 quo
756 1508 846 1566 modo
862 1506 993 1566 solebant
1006 1505 1119 1564 ancillae
1132 1506 1276 1577 Neronis,

258 1606 428 1676 adulantes,
440 1625 493 1683 per
507 1609 655 1664 lunonem
669 1617 760 1663 tuam.

296 1705 333 1758 V.
351 1713 405 1778 99>
415 1705 471 1757 Ille
485 1715 562 1759 tenet
573 1704 743 1778 peculum]
760 1701 865 1759 Occiso
880 1700 972 1758 Galba
987 1701 1179 1778 imperatore,
1193 1699 1276 1759 otho

255 1799 360 1856 invasit
376 1797 551 1875 imperinm,
564 1798 616 1875 qni
635 1810 696 1855 tam
714 1797 862 1876 probrosae
883 1818 964 1856 curae,
978 1797 1008 1854 in
1027 1795 1165 1875 polienda
1181 1797 1277 1855 forma

257 1895 330 1967 tuit,
346 1905 380 1951 ut
399 1893 538 1952 humecto
560 1915 635 1973 pane
657 1893 762 1953 faciem
783 1895 882 1953 liniret
903 1893 941 1952 ad
964 1892 1182 1952 sollicitandum
1203 1914 1276 1952 can-

257 1991 377 2050 dorem:
392 1991 530 2050 ntebatur
547 2003 576 2048 et
594 1993 725 2070 speculo.
747 1996 834 2051 Hunc
856 1991 1094 2070 incomparabilis
1112 1992 1178 2048 vitae
1196 1991 1278 2050 bello

258 2087 336 2147 civili
364 2085 500 2151 Vitellius
523 2089 595 2146 ¹ricit
626 2087 706 2168 apud
740 2088 921 2178 ¹Bebryncum
951 2089 1126 2167 Campaniae.
1161 2090 1276 2146 Horum

143 2203 145 2210 ·
257 2183 372 2242 bellum
387 2183 501 2264 scripsit
513 2184 681 2256 Cornelius,
695 2185 810 2264 scripsit
825 2199 854 2244 et
867 2185 1025 2264 Pompeius
1039 2183 1157 2255 Planta,
1172 2185 1224 2262 qui
1237 2185 1278 2242 ait

178 2297 180 2300 ·
259 2283 441 2359 Bebryacum
460 2283 559 2342 vicum
581 2303 642 2342 esse
666 2303 682 2340 a
706 2285 849 2343 Cremona
870 2283 1029 2341 vicensimo
1052 2282 1168 2362 lapide:
1188 2278 1276 2352 aliis,

260 2378 410 2448 Bebriaci,
429 2379 460 2436 id
482 2392 544 2451 est,
560 2379 689 2448 Pontici,
706 2378 786 2437 unde
807 2377 900 2457 pelles
923 2379 1065 2437 Bebrinae.
1085 2379 1178 2437 Galba
1198 2380 1278 2437 enim

260 2475 400 2532 Ponticus
415 2476 479 2533 tuit.
631 2471 634 2478 ‘

264 2573 268 2580 “
302 2569 379 2627 Ibid.
395 2571 502 2646 Magni
511 2575 682 2645 gestamm]
697 2556 772 2627 Vide
786 2526 907 2648 notam(
928 2572 950 2648 ).
1052 2562 1067 2624 '.

301 2667 338 2721 V.
352 2667 417 2722 118.
431 2665 596 2736 Certamini]
606 2667 749 2744 Expertus
758 2678 907 2738 naturam,
917 2685 1045 2745 eumque
1054 2665 1162 2746 grande
1171 2664 1279 2725 habere

264 2779 367 2818 cornu.

186 2920 189 2926 ,
303 2863 339 2916 V.
359 2861 425 2914 aar.
445 2859 567 2916 Censorc
584 2878 633 2936 op.
650 2873 710 2930 est,
726 2880 768 2916 an
785 2863 958 2938 aruspicee]
973 2863 1040 2932 Quo
1060 2860 1213 2936 emendet,
1228 2875 1280 2922 ant

267 2973 329 3032 qno
342 2953 450 3031 expiet.
496 3031 500 3036 μ

304 3053 341 3106 V.
361 3058 425 3118 rot.
441 3051 615 3125 degenerum]
631 3051 760 3108 Prolusae
773 3065 877 3112 vestes.

262 3181 264 3186 ·
303 3145 380 3204 Ibid.
402 3149 441 3203 Et
459 3149 587 3222 longua]
608 3146 819 3219 Fimbriamm,
832 3149 1025 3279 sigrittatas
1042 3161 1152 3221 vestes,
1170 3149 1281 3228 quibus

264 3243 404 3301 matronae
418 3262 501 3300 novae
514 3254 615 3322 nuptae
629 3246 849 3322 cooperiuntur.

305 3339 382 3396 Ibid.
399 3342 545 3411 Flamen]
561 3340 655 3400 Vestis
675 3340 783 3419 pudori
801 3341 924 3414 similis,
937 3363 1027 3421 quam
1044 3356 1074 3401 et
1088 3357 1209 3422 propter
1224 3362 1281 3422 pu-

266 3434 369 3493 dorem
382 3435 572 3514 accipiebant.
1209 3439 1212 3446 '

306 3535 344 3588 V.
360 3533 424 3590 126.
438 3534 581 3603 sadada]
597 3531 746 3624 Gracchus
759 3533 871 3616 accepit
883 3547 993 3594 vestem
1004 3555 1087 3594 novae
1098 3513 1216 3616 nuptae,
1228 3535 1283 3614 qui

265 3627 426 3704 aliquando
439 3627 535 3686 Salius
547 3628 649 3686 Martis
663 3629 729 3687 fuit.

306 3726 344 3781 V.
362 3725 427 3782 128.
445 3727 562 3796 Unica]
576 3711 709 3805 Prurigo.

306 3823 342 3878 V.
360 3822 431 3878 132.
440 3823 590 3896 Iugeribus
604 3825 722 3900 campi]
738 3823 852 3884 Recede
873 3825 912 3882 de
930 3825 1035 3884 Martio
1049 3829 1177 3904 campo,
1190 3825 1285 3902 quens

266 3927 362 3987 tenes,
375 3928 405 3974 et
418 3917 471 3994 qui
487 3917 542 3986 tibi
558 3933 685 3997 coeperat
704 3919 850 3980 aedificari.
871 3921 927 3978 Hic
947 3921 1027 3980 enim
1046 3904 1115 4000 ager
1128 3921 1281 3999 Tarquinii
