2922 4672
294 390 338 476 76
447 388 513 452 DE
536 386 609 452 IIS
633 385 729 471 QUI
755 385 809 451 IN
832 377 1140 452 IUVENALEM

293 523 354 561 non
367 502 421 560 nisi
437 516 503 581 post
515 503 606 561 aulaea
619 501 820 571 reconditum,
831 501 878 560 vel
893 503 998 582 potius'
1008 503 1110 580 pannis
1125 497 1244 560 inscitiae
1262 499 1315 558 in-

294 599 430 656 volutum
444 599 529 656 nobis
542 598 705 656 ostendant.
722 599 765 654 Ex
780 597 815 654 iis
830 616 899 676 ergo
915 599 1127 676 excerpsimus,
1142 616 1208 675 quae
1221 596 1314 654 uobis

293 694 331 751 ad
347 696 531 774 propositum
546 695 634 752 linem
648 694 809 772 perducere
825 713 910 772 posse
925 693 1065 752 lectorem
1079 694 1148 750 visae
1162 704 1246 761 sunt,
1260 691 1314 752 vel
1364 757 1369 776 ι

294 811 361 868 quae
375 792 515 849 memoria
526 792 622 870 aliqua
635 791 730 868 dignae
744 802 945 866 censerentur,
958 791 1069 848 caeteris
1083 789 1251 848 criticorum
1264 785 1315 846 ars

255 950 257 954 ,
294 887 384 945 bitrio
399 907 433 944 ac
452 887 670 966 reprehensioni
688 886 805 944 relictis.
828 889 893 946 Hoc
912 898 1049 944 notarum
1064 903 1172 962 corpus
1185 883 1311 962 quidam

296 985 410 1039 Valerio
417 984 512 1040 Probo
519 983 714 1040 Grammatico
727 982 908 1054 attribuunt,
918 981 967 1040 alii
976 983 1090 1056 Berytio
1099 980 1306 1059 grammatico:

293 1073 436 1136 Gonzalis
454 1079 491 1136 de
511 1079 590 1136 Salas
612 1078 649 1135 ad
671 1083 785 1136 Petron.
805 1099 835 1155 p.
862 1081 936 1148 130,
955 1090 1104 1136 auctorem
1127 1075 1309 1136 scholiorum

291 1187 423 1234 veterum
436 1175 466 1232 in
478 1175 649 1234 Juvenalem
662 1173 789 1252 appellat
801 1176 917 1230 Petrum
932 1175 1083 1230 Birthium.
1095 1178 1155 1231 Jac.
1169 1173 1307 1252 Cujacius

291 1273 394 1333 eadem
413 1271 523 1330 scholis
549 1275 673 1330 Cornuto
693 1271 863 1352 assignabat.
885 1271 1072 1329 Recentiorcs
1094 1270 1187 1328 critici
1210 1270 1307 1330 multo

291 1369 415 1437 melius,
429 1381 528 1427 nostro
539 1368 671 1446 judicio,
686 1367 768 1425 litem
782 1368 981 1436 diremerunt,
997 1366 1143 1435 diceutes,
1159 1367 1216 1425 hoe
1231 1387 1308 1444 opus
1341 1435 1344 1440 ¹

291 1486 351 1524 non
370 1485 432 1522 csse
447 1466 552 1534 unius,
570 1464 621 1522 sed
637 1464 784 1542 plurium:
801 1465 884 1542 quod
900 1465 1041 1542 probatur
1060 1483 1097 1521 cx
1110 1464 1196 1522 variis
1210 1465 1305 1536 notis,

290 1581 416 1640 quarum
433 1561 495 1618 aliae
513 1580 659 1638 paganum
677 1561 810 1638 sapiunt,
825 1561 888 1619 aliae
910 1560 1116 1632 christianum,
1130 1559 1194 1618 aliae
1207 1561 1306 1620 virum

290 1657 454 1724 cruditum,
470 1656 533 1720 aliae
547 1656 672 1714 inscium
689 1668 718 1714 et
735 1657 913 1734 antiquitatis
930 1657 1050 1716 minime
1064 1657 1201 1735 peritum.
1218 1660 1304 1716 Certe

291 1753 404 1832 primus
425 1751 481 1809 fuit
495 1753 708 1809 vetustissimus
723 1751 909 1822 scholiastes,
927 1751 978 1809 sed
993 1753 1066 1810 adeo
1087 1752 1256 1810 reconditus
1273 1755 1305 1812 in

290 1862 369 1908 tanta
386 1849 544 1926 farragine,
558 1861 592 1906 ut
609 1849 710 1907 critico
728 1847 889 1906 admodum
911 1849 1027 1926 ingenio
1049 1869 1125 1928 opus
1144 1850 1197 1920 sit,
1214 1850 1251 1908 ad
1269 1871 1305 1909 ea

290 1944 442 2024 eligenda,
457 1963 523 2021 quae
537 1944 643 2002 veteris
656 1942 745 2022 hujus
759 1955 845 2013 sunt,
861 1957 890 2002 et
903 1943 1059 2024 rejicienda
1074 1964 1140 2022 quae
1153 1965 1190 2002 ex
1203 1965 1304 2003 recen-

229 2115 232 2122 !
255 2103 261 2110 ,
290 2042 415 2100 tioribus
422 2041 582 2119 profluunt.
593 2041 723 2119 Ideoque
732 2041 938 2099 convenienter
946 2041 1062 2099 inscribi
1073 2054 1170 2120 potest
1178 2055 1207 2099 et
1216 2043 1306 2102 debet
1318 2076 1320 2079 v

289 2137 439 2196 indefinite
453 2138 679 2196 commentarius
692 2138 745 2195 iste
759 2157 766 2193 z
784 2140 886 2194 Vetera
900 2138 1010 2195 scholia
1024 2139 1069 2192 ad
1081 2141 1261 2196 Iuvenalem.
1294 2173 1299 2182 ·

765 2307 818 2370 11.

344 2469 551 2526 VETERES
579 2463 781 2524 GLOSSAE
808 2467 864 2524 ΕΤ
889 2467 1229 2525 COMMENTARII.

326 2635 433 2688 Praeter
448 2631 553 2688 veteris
570 2629 680 2687 codicis
702 2629 815 2687 Pithoei
837 2629 967 2702 scholia,
987 2631 1088 2690 multae
1112 2634 1313 2711 reperiuntur.

287 2729 319 2787 in
332 2727 447 2806 scriptis
459 2725 542 2782 libris
555 2737 631 2783 notae
644 2726 719 2782 inter
732 2725 823 2784 lineas
835 2738 864 2783 et
877 2727 1000 2804 margini
1011 2727 1179 2806 adscriptae,
1192 2730 1223 2788 in
1233 2729 1298 2789 aliis

287 2843 387 2904 paucae
402 2836 431 2881 et
446 2823 641 2892 brevissimae,
657 2824 688 2880 in
703 2821 768 2880 aliis
783 2823 917 2902 plurimae
933 2835 962 2882 et
978 2825 1126 2883 interdurn
1141 2825 1298 2905 longiores,

286 2923 342 2980 Eas
354 2940 428 2998 saepe
441 2920 546 2997 saepius
557 2919 776 2989 consuluimus,
792 2921 950 2998 praesertim
964 2921 995 2979 in
1009 2921 1081 2978 locis
1094 2922 1193 2981 arduis
1204 2935 1232 2980 et
1244 2922 1299 2982 dit-

286 3004 476 3087 ficilioribus3
491 3015 648 3076 nonnullas
665 3016 760 3074 multo
783 3037 852 3074 cum
871 3017 988 3087 labore,
1001 3017 1154 3098 multaque
1168 3018 1300 3079 molestia

286 3114 536 3192 transcripsimus,
551 3132 617 3191 quse
632 3111 663 3169 in
676 3123 776 3172 nostro
791 3113 896 3170 scrinio
911 3113 1012 3170 latent.
1027 3117 1083 3183 At,
1098 3127 1133 3172 ut
1143 3135 1209 3173 vera
1222 3115 1300 3174 dica-

285 3231 370 3281 mus,¹
382 3211 488 3268 nostris
500 3229 560 3268 non
575 3208 756 3288 respondent
768 3209 855 3266 curis.
871 3209 980 3266 Futiles
995 3222 1064 3269 sunt
1077 3211 1241 3290 pleraeque,
1255 3213 1299 3271 in·

285 3310 386 3378 sulsae,
401 3308 507 3386 ineptae
521 3319 550 3365 et
561 3327 664 3385 parum
678 3306 715 3363 ad
728 3305 934 3364 illustrandum
948 3318 1097 3365 auctorem
1111 3321 1203 3387 aptae3
1218 3330 1298 3388 quee-

284 3426 343 3484 que
354 3405 430 3463 iuter
440 3423 488 3460 eas
498 3403 630 3464 utiliores
642 3413 755 3471 essent,
769 3422 784 3458 a
796 3401 897 3479 primis
907 3401 1114 3480 interpretibus
1123 3405 1296 3476 Calderino,

283 3501 366 3560 Valla
377 3497 588 3572 ,‘Mancinclli,
605 3498 787 3567 Britannico,
804 3511 833 3555 et
852 3497 915 3555 aliis
934 3501 989 3556 XV
1008 3511 1037 3557 et
1055 3504 1126 3559 XVI
1146 3501 1245 3560 saeculi
1264 3504 1296 3561 iu

283 3601 415 3678 ipsorum
428 3595 644 3655 commentariis
657 3606 781 3672 receptae
798 3593 926 3653 fuerunt.
942 3594 999 3652 Sed
1006 3609 1015 3665 ',
1032 3617 1069 3653 ne
1084 3595 1115 3652 id
1130 3597 1233 3656 leviter
1246 3598 1297 3657 in·

281 3714 373 3756 nuere
386 3691 554 3760 videamur,
569 3701 615 3762 et,
630 3703 664 3747 ut
685 3691 747 3768 ipse
767 3689 860 3748 lector
875 3689 912 3746 de
934 3690 969 3747 iis
990 3691 1106 3768 plenius
1122 3682 1295 3754 sententiam

280 3793 355 3850 ferre
365 3789 472 3869 possit,
485 3788 560 3846 inter
573 3807 621 3846 eas
632 3787 745 3864 aliquot
758 3786 814 3844 hoc
829 3787 895 3845 loco
907 3787 1082 3865 subjungere
1094 3807 1153 3848 nou
1164 3789 1294 3850 alienum

276 3885 492 3968 judicavimus:
507 3883 588 3962 quod
600 3882 711 3961 duplex
723 3881 826 3942 lectori
836 3882 1026 3941 commodum
1034 3883 1152 3942 afferet:
1164 3887 1300 3964 primum,
1399 3925 1401 3932 =

280 3995 331 4057 ut,
344 3981 417 4062 quid
432 3981 558 4040 deuotis
572 3979 709 4039 codicum
722 3993 905 4042 vetustorum
921 3997 982 4038 nou
996 3991 1054 4038 tam
1070 3979 1108 4040 ad
1121 3982 1293 4042 Iuvenalem
