<?xml version="1.0" encoding="UTF-8"?>
<!DOCTYPE html PUBLIC "-//W3C//DTD XHTML 1.0 Transitional//EN"
    "http://www.w3.org/TR/xhtml1/DTD/xhtml1-transitional.dtd">
<html xmlns="http://www.w3.org/1999/xhtml" xml:lang="en" lang="en">
 <head>
  <title>
</title>
<meta http-equiv="Content-Type" content="text/html;charset=utf-8" />
  <meta name='ocr-system' content='tesseract 3.04.00' />
  <meta name='ocr-capabilities' content='ocr_page ocr_carea ocr_par ocr_line ocrx_word'/>
</head>
<body>
  <div class='ocr_page' id='page_1' title='image "./satirae00pithgoog_0212.png"; bbox 0 0 2930 4660; ppageno 0'>
   <div class='ocr_carea' id='block_1_1' title="bbox 179 353 1180 566">
    <p class='ocr_par' dir='ltr' id='par_1_1' title="bbox 179 353 1180 566">
     <span class='ocr_line' id='line_1_1' title="bbox 378 353 1180 448; baseline 0 -18"><span class='ocrx_word' id='word_1_1' title='bbox 378 359 550 430; x_wconf 74' lang='lat' dir='ltr'><strong>NOTAE</strong></span> <span class='ocrx_word' id='word_1_2' title='bbox 576 359 633 430; x_wconf 86' lang='lat' dir='ltr'>IN</span> <span class='ocrx_word' id='word_1_3' title='bbox 657 361 986 448; x_wconf 30' lang='lat' dir='ltr'><strong>IUVENA‘L&#39;EM.</strong></span> <span class='ocrx_word' id='word_1_4' title='bbox 1119 353 1180 430; x_wconf 73' lang='lat' dir='ltr'>a05</span> 
     </span>
     <span class='ocr_line' id='line_1_2' title="bbox 179 485 1179 566; baseline -0.002 -22"><span class='ocrx_word' id='word_1_5' title='bbox 179 485 278 558; x_wconf 85' lang='lat' dir='ltr'>tialis,</span> <span class='ocrx_word' id='word_1_6' title='bbox 297 485 350 546; x_wconf 88' lang='lat' dir='ltr'>lib.</span> <span class='ocrx_word' id='word_1_7' title='bbox 373 490 416 558; x_wconf 83' lang='lat' dir='ltr'>V,</span> <span class='ocrx_word' id='word_1_8' title='bbox 436 489 605 566; x_wconf 72' lang='lat' dir='ltr'>epigramm.</span> <span class='ocrx_word' id='word_1_9' title='bbox 628 487 687 560; x_wconf 81' lang='lat'>78,</span> <span class='ocrx_word' id='word_1_10' title='bbox 712 486 750 544; x_wconf 86' lang='lat' dir='ltr'>de</span> <span class='ocrx_word' id='word_1_11' title='bbox 778 503 865 565; x_wconf 84' lang='lat' dir='ltr'>parva</span> <span class='ocrx_word' id='word_1_12' title='bbox 887 485 1002 543; x_wconf 85' lang='lat' dir='ltr'>ooenula</span> <span class='ocrx_word' id='word_1_13' title='bbox 1027 497 1057 543; x_wconf 88' lang='lat' dir='ltr'>et</span> <span class='ocrx_word' id='word_1_14' title='bbox 1081 487 1179 565; x_wconf 74' lang='lat' dir='ltr'>frugi:</span> 
     </span>
    </p>
   </div>
   <div class='ocr_carea' id='block_1_2' title="bbox 178 598 1105 892">
    <p class='ocr_par' dir='ltr' id='par_1_2' title="bbox 390 598 1105 749">
     <span class='ocr_line' id='line_1_3' title="bbox 391 598 1105 668; baseline -0.006 -16"><span class='ocrx_word' id='word_1_15' title='bbox 391 605 444 652; x_wconf 87' lang='lat' dir='ltr'>Neo</span> <span class='ocrx_word' id='word_1_16' title='bbox 453 619 560 652; x_wconf 84' lang='lat' dir='ltr'>crassam</span> <span class='ocrx_word' id='word_1_17' title='bbox 570 603 688 650; x_wconf 86' lang='lat' dir='ltr'>dominus</span> <span class='ocrx_word' id='word_1_18' title='bbox 699 601 709 667; x_wconf 91' lang='lat'>(</span> <span class='ocrx_word' id='word_1_19' title='bbox 715 603 825 650; x_wconf 83' lang='lat' dir='ltr'>convivii</span> <span class='ocrx_word' id='word_1_20' title='bbox 835 598 904 668; x_wconf 83' lang='lat' dir='ltr'>scil.)</span> <span class='ocrx_word' id='word_1_21' title='bbox 913 601 978 664; x_wconf 81' lang='lat' dir='ltr'>leget</span> <span class='ocrx_word' id='word_1_22' title='bbox 986 599 1105 648; x_wconf 89' lang='lat' dir='ltr'>volumen</span> 
     </span>
     <span class='ocr_line' id='line_1_4' title="bbox 390 682 837 749; baseline -0.007 -16"><span class='ocrx_word' id='word_1_23' title='bbox 390 685 442 733; x_wconf 80' lang='lat' dir='ltr'>Neo</span> <span class='ocrx_word' id='word_1_24' title='bbox 452 684 482 732; x_wconf 91' lang='lat' dir='ltr'>de</span> <span class='ocrx_word' id='word_1_25' title='bbox 491 683 602 733; x_wconf 75' lang='lat' dir='ltr'>Gadibus</span> <span class='ocrx_word' id='word_1_26' title='bbox 613 682 735 749; x_wconf 74' lang='lat' dir='ltr'>improbis</span> <span class='ocrx_word' id='word_1_27' title='bbox 747 683 837 746; x_wconf 74' lang='lat' dir='ltr'>puellis</span> 
     </span>
    </p>

    <p class='ocr_par' dir='ltr' id='par_1_3' title="bbox 178 759 824 892">
     <span class='ocr_line' id='line_1_5' title="bbox 178 759 818 826; baseline -0.003 -16"><span class='ocrx_word' id='word_1_28' title='bbox 178 781 180 788; x_wconf 86' lang='grc'><em>·</em></span> <span class='ocrx_word' id='word_1_29' title='bbox 280 781 287 794; x_wconf 87' lang='grc'><em>·</em></span> <span class='ocrx_word' id='word_1_30' title='bbox 390 760 535 810; x_wconf 74' lang='lat' dir='ltr'>Vibrabunt</span> <span class='ocrx_word' id='word_1_31' title='bbox 548 763 601 810; x_wconf 89' lang='lat' dir='ltr'>sine</span> <span class='ocrx_word' id='word_1_32' title='bbox 614 759 665 809; x_wconf 88' lang='lat' dir='ltr'>fine</span> <span class='ocrx_word' id='word_1_33' title='bbox 678 762 818 826; x_wconf 78' lang='lat' dir='ltr'>prurientes</span> 
     </span>
     <span class='ocr_line' id='line_1_6' title="bbox 389 840 824 892; baseline 0 -4"><span class='ocrx_word' id='word_1_34' title='bbox 389 842 504 890; x_wconf 83' lang='lat' dir='ltr'>Lascivos</span> <span class='ocrx_word' id='word_1_35' title='bbox 517 841 593 889; x_wconf 86' lang='lat' dir='ltr'>dacili</span> <span class='ocrx_word' id='word_1_36' title='bbox 602 853 705 892; x_wconf 73' lang='lat' dir='ltr'>uetuere</span> <span class='ocrx_word' id='word_1_37' title='bbox 716 840 824 889; x_wconf 88' lang='lat' dir='ltr'>lumbos.</span> 
     </span>
    </p>
   </div>
   <div class='ocr_carea' id='block_1_3' title="bbox 177 919 1186 1118">
    <p class='ocr_par' dir='ltr' id='par_1_4' title="bbox 177 919 1186 1118">
     <span class='ocr_line' id='line_1_7' title="bbox 181 919 1186 1020; baseline 0.001 -21"><span class='ocrx_word' id='word_1_38' title='bbox 181 943 257 1020; x_wconf 64' lang='lat' dir='ltr'>fflgo</span> <span class='ocrx_word' id='word_1_39' title='bbox 272 941 398 1000; x_wconf 89' lang='lat' dir='ltr'>hictum</span> <span class='ocrx_word' id='word_1_40' title='bbox 410 919 512 1002; x_wconf 73' lang='lat' dir='ltr'>Romae</span> <span class='ocrx_word' id='word_1_41' title='bbox 526 962 592 1001; x_wconf 89' lang='lat' dir='ltr'>mos</span> <span class='ocrx_word' id='word_1_42' title='bbox 605 955 675 1000; x_wconf 90' lang='lat' dir='ltr'>erat.</span> <span class='ocrx_word' id='word_1_43' title='bbox 691 945 803 1000; x_wconf 87' lang='lat' dir='ltr'>Harum</span> <span class='ocrx_word' id='word_1_44' title='bbox 816 941 986 1000; x_wconf 88' lang='lat' dir='ltr'>lascivarum</span> <span class='ocrx_word' id='word_1_45' title='bbox 1001 939 1186 1000; x_wconf 80' lang='lat' dir='ltr'><strong>saltationum</strong></span> 
     </span>
     <span class='ocr_line' id='line_1_8' title="bbox 177 1037 1184 1118; baseline 0.003 -22"><span class='ocrx_word' id='word_1_46' title='bbox 177 1037 284 1112; x_wconf 77' lang='lat' dir='ltr'>modos</span> <span class='ocrx_word' id='word_1_47' title='bbox 292 1051 349 1098; x_wconf 86' lang='lat' dir='ltr'>tres</span> <span class='ocrx_word' id='word_1_48' title='bbox 357 1037 851 1118; x_wconf 80' lang='lat' dir='ltr'>refertJul.CaesarSealigeriacap.</span> <span class='ocrx_word' id='word_1_49' title='bbox 864 1038 1184 1108; x_wconf 74' lang='lat' dir='ltr'>18‚lib.11³o·e&#39;tices.11.</span> 
     </span>
    </p>
   </div>
   <div class='ocr_carea' id='block_1_4' title="bbox 180 1183 1185 1472">
    <p class='ocr_par' dir='ltr' id='par_1_5' title="bbox 177 1169 1185 1472">
     <span class='ocr_line' id='line_1_9' title="bbox 180 1183 1151 1278; baseline -0.002 -27.006"><span class='ocrx_word' id='word_1_50' title='bbox 180 1210 209 1251; x_wconf 88' lang='lat' dir='ltr'>v.</span> <span class='ocrx_word' id='word_1_51' title='bbox 229 1189 300 1276; x_wconf 89' lang='lat'><strong>169.</strong></span> <span class='ocrx_word' id='word_1_52' title='bbox 315 1185 392 1252; x_wconf 90' lang='lat' dir='ltr'>Non</span> <span class='ocrx_word' id='word_1_53' title='bbox 405 1187 489 1276; x_wconf 84' lang='lat' dir='ltr'>capit</span> <span class='ocrx_word' id='word_1_54' title='bbox 504 1187 561 1251; x_wconf 91' lang='lat' dir='ltr'>has</span> <span class='ocrx_word' id='word_1_55' title='bbox 578 1185 824 1278; x_wconf 75' lang='lat' dir='ltr'>nugas&#39;humilis</span> <span class='ocrx_word' id='word_1_56' title='bbox 838 1183 972 1250; x_wconf 89' lang='lat' dir='ltr'>domus:</span> <span class='ocrx_word' id='word_1_57' title='bbox 985 1187 1151 1266; x_wconf 82' lang='lat' dir='ltr'>audiatill</span> 
     </span>
     <span class='ocr_line' id='line_1_10' title="bbox 305 1283 1185 1372; baseline 0.003 -25"><span class='ocrx_word' id='word_1_58' title='bbox 305 1285 483 1350; x_wconf 85' lang='lat' dir='ltr'>·Testarum</span> <span class='ocrx_word' id='word_1_59' title='bbox 498 1287 629 1372; x_wconf 77' lang='lat' dir='ltr'>crepitus</span> <span class='ocrx_word' id='word_1_60' title='bbox 640 1307 716 1348; x_wconf 89' lang='lat' dir='ltr'>curu</span> <span class='ocrx_word' id='word_1_61' title='bbox 729 1283 854 1364; x_wconf 87' lang='lat' dir='ltr'>verbis,</span> <span class='ocrx_word' id='word_1_62' title='bbox 867 1285 991 1350; x_wconf 90' lang='lat' dir='ltr'>nudum</span> <span class='ocrx_word' id='word_1_63' title='bbox 1002 1285 1090 1350; x_wconf 90' lang='lat' dir='ltr'>olido</span> <span class='ocrx_word' id='word_1_64' title='bbox 1099 1301 1185 1350; x_wconf 83' lang='lat' dir='ltr'>stans</span> 
     </span>
     <span class='ocr_line' id='line_1_11' title="bbox 316 1382 1000 1472; baseline 0.003 -26"><span class='ocrx_word' id='word_1_65' title='bbox 316 1383 456 1446; x_wconf 87' lang='lat' dir='ltr'>Fornice</span> <span class='ocrx_word' id='word_1_66' title='bbox 473 1383 673 1472; x_wconf 79' lang='lat' dir='ltr'>mancipium</span> <span class='ocrx_word' id='word_1_67' title='bbox 691 1382 810 1471; x_wconf 90' lang='lat' dir='ltr'>quibus</span> <span class='ocrx_word' id='word_1_68' title='bbox 828 1383 1000 1471; x_wconf 76' lang='lat' dir='ltr'>abstinet]</span> 
     </span>
    </p>
   </div>
   <div class='ocr_carea' id='block_1_5' title="bbox 181 1530 1187 1690">
    <p class='ocr_par' dir='ltr' id='par_1_6' title="bbox 181 1530 1187 1690">
     <span class='ocr_line' id='line_1_12' title="bbox 225 1530 1187 1611; baseline 0.004 -25"><span class='ocrx_word' id='word_1_69' title='bbox 225 1533 351 1587; x_wconf 76' lang='lat' dir='ltr'>Testulae</span> <span class='ocrx_word' id='word_1_70' title='bbox 362 1542 392 1588; x_wconf 90' lang='lat' dir='ltr'>et</span> <span class='ocrx_word' id='word_1_71' title='bbox 402 1532 524 1588; x_wconf 83' lang='lat' dir='ltr'>ossicula</span> <span class='ocrx_word' id='word_1_72' title='bbox 535 1549 623 1588; x_wconf 88' lang='lat' dir='ltr'>usum</span> <span class='ocrx_word' id='word_1_73' title='bbox 634 1530 793 1608; x_wconf 89' lang='lat' dir='ltr'>aliquando</span> <span class='ocrx_word' id='word_1_74' title='bbox 804 1530 905 1589; x_wconf 87' lang='lat' dir='ltr'>crotali</span> <span class='ocrx_word' id='word_1_75' title='bbox 918 1531 1107 1610; x_wconf 69' lang='lat' dir='ltr'>prestabant,</span> <span class='ocrx_word' id='word_1_76' title='bbox 1120 1549 1187 1611; x_wconf 76' lang='lat' dir='ltr'>quae</span> 
     </span>
     <span class='ocr_line' id='line_1_13' title="bbox 181 1626 688 1690; baseline 0 -8"><span class='ocrx_word' id='word_1_77' title='bbox 181 1626 361 1690; x_wconf 81' lang='lat' dir='ltr'>vocabantur</span> <span class='ocrx_word' id='word_1_78' title='bbox 374 1641 516 1685; x_wconf 81' lang='lat' dir='ltr'>oramate.</span> <span class='ocrx_word' id='word_1_79' title='bbox 530 1626 688 1685; x_wconf 79' lang='lat' dir='ltr'>Martialis:</span> 
     </span>
    </p>
   </div>
   <div class='ocr_carea' id='block_1_6' title="bbox 352 1742 917 1871">
    <p class='ocr_par' dir='ltr' id='par_1_7' title="bbox 352 1742 917 1871">
     <span class='ocr_line' id='line_1_14' title="bbox 352 1742 917 1808; baseline 0 -17"><span class='ocrx_word' id='word_1_80' title='bbox 352 1742 431 1791; x_wconf 85' lang='lat' dir='ltr'>Edere</span> <span class='ocrx_word' id='word_1_81' title='bbox 440 1743 546 1792; x_wconf 81' lang='lat' dir='ltr'>lascivos</span> <span class='ocrx_word' id='word_1_82' title='bbox 558 1742 589 1790; x_wconf 87' lang='lat' dir='ltr'>ad</span> <span class='ocrx_word' id='word_1_83' title='bbox 599 1744 692 1791; x_wconf 85' lang='lat' dir='ltr'>Boetica</span> <span class='ocrx_word' id='word_1_84' title='bbox 702 1753 813 1790; x_wconf 83' lang='lat' dir='ltr'>crumata</span> <span class='ocrx_word' id='word_1_85' title='bbox 821 1753 917 1808; x_wconf 85' lang='lat' dir='ltr'>gestus,</span> 
     </span>
     <span class='ocr_line' id='line_1_15' title="bbox 390 1821 847 1871; baseline 0 -1"><span class='ocrx_word' id='word_1_86' title='bbox 390 1825 420 1870; x_wconf 87' lang='lat' dir='ltr'>Et</span> <span class='ocrx_word' id='word_1_87' title='bbox 434 1822 562 1871; x_wconf 77' lang='lat' dir='ltr'>Gaditanis</span> <span class='ocrx_word' id='word_1_88' title='bbox 575 1822 661 1870; x_wconf 84' lang='lat' dir='ltr'>ludere</span> <span class='ocrx_word' id='word_1_89' title='bbox 674 1822 746 1870; x_wconf 87' lang='lat' dir='ltr'>docta</span> <span class='ocrx_word' id='word_1_90' title='bbox 759 1821 847 1870; x_wconf 86' lang='lat' dir='ltr'>modis.</span> 
     </span>
    </p>
   </div>
   <div class='ocr_carea' id='block_1_7' title="bbox 179 1915 1184 2006">
    <p class='ocr_par' dir='ltr' id='par_1_8' title="bbox 179 1915 1184 2006">
     <span class='ocr_line' id='line_1_16' title="bbox 179 1915 1184 2006; baseline 0.004 -24"><span class='ocrx_word' id='word_1_91' title='bbox 179 1915 266 1996; x_wconf 86' lang='lat' dir='ltr'>Quod</span> <span class='ocrx_word' id='word_1_92' title='bbox 274 1915 421 2002; x_wconf 88' lang='lat' dir='ltr'>hodieque</span> <span class='ocrx_word' id='word_1_93' title='bbox 431 1925 567 1984; x_wconf 88' lang='lat' dir='ltr'>Cantabri</span> <span class='ocrx_word' id='word_1_94' title='bbox 578 1937 607 1982; x_wconf 88' lang='lat' dir='ltr'>et</span> <span class='ocrx_word' id='word_1_95' title='bbox 618 1925 754 1984; x_wconf 83' lang='lat' dir='ltr'>Gaditani</span> <span class='ocrx_word' id='word_1_96' title='bbox 764 1925 795 1983; x_wconf 91' lang='lat' dir='ltr'>in</span> <span class='ocrx_word' id='word_1_97' title='bbox 805 1943 886 1983; x_wconf 91' lang='lat' dir='ltr'>more</span> <span class='ocrx_word' id='word_1_98' title='bbox 896 1925 1004 1984; x_wconf 87' lang='lat' dir='ltr'>habent</span> <span class='ocrx_word' id='word_1_99' title='bbox 1012 1944 1138 2006; x_wconf 85' lang='lat' dir='ltr'>usuque.</span> <span class='ocrx_word' id='word_1_100' title='bbox 1149 1929 1184 1986; x_wconf 85' lang='lat' dir='ltr'>C.</span> 
     </span>
    </p>
   </div>
   <div class='ocr_carea' id='block_1_8' title="bbox 179 2072 1061 2255">
    <p class='ocr_par' dir='ltr' id='par_1_9' title="bbox 179 2072 1061 2255">
     <span class='ocr_line' id='line_1_17' title="bbox 179 2072 1061 2158; baseline 0.002 -23"><span class='ocrx_word' id='word_1_101' title='bbox 179 2091 212 2135; x_wconf 81' lang='lat' dir='ltr'>t.</span> <span class='ocrx_word' id='word_1_102' title='bbox 236 2072 307 2158; x_wconf 85' lang='lat'><strong>169.</strong></span> <span class='ocrx_word' id='word_1_103' title='bbox 334 2119 342 2134; x_wconf 87' lang='lat'><strong>.</strong></span> <span class='ocrx_word' id='word_1_104' title='bbox 371 2113 388 2134; x_wconf 91' lang='lat'>.·</span> <span class='ocrx_word' id='word_1_105' title='bbox 410 2119 418 2134; x_wconf 86' lang='lat'><strong>.</strong></span> <span class='ocrx_word' id='word_1_106' title='bbox 447 2119 455 2134; x_wconf 90' lang='lat'><strong>.</strong></span> <span class='ocrx_word' id='word_1_107' title='bbox 483 2119 529 2154; x_wconf 20' lang='grc' dir='ltr'>.Ᾰ.</span> <span class='ocrx_word' id='word_1_108' title='bbox 557 2117 574 2137; x_wconf 86' lang='grc'>.-</span> <span class='ocrx_word' id='word_1_109' title='bbox 594 2119 789 2136; x_wconf 83' lang='lat'><strong>.......</strong></span> <span class='ocrx_word' id='word_1_110' title='bbox 812 2074 943 2138; x_wconf 80' lang='lat' dir='ltr'>Audeat</span> <span class='ocrx_word' id='word_1_111' title='bbox 957 2074 1012 2138; x_wconf 84' lang='lat' dir='ltr'>illa</span> <span class='ocrx_word' id='word_1_112' title='bbox 1060 2115 1061 2120; x_wconf 23' lang='grc' dir='ltr'><strong><em>κ</em></strong></span> 
     </span>
     <span class='ocr_line' id='line_1_18' title="bbox 335 2168 892 2255; baseline 0.002 -26"><span class='ocrx_word' id='word_1_113' title='bbox 335 2168 500 2230; x_wconf 81' lang='lat' dir='ltr'>Testumm</span> <span class='ocrx_word' id='word_1_114' title='bbox 513 2171 647 2255; x_wconf 75' lang='lat' dir='ltr'>crepitus</span> <span class='ocrx_word' id='word_1_115' title='bbox 662 2191 738 2230; x_wconf 91' lang='lat' dir='ltr'>cum</span> <span class='ocrx_word' id='word_1_116' title='bbox 751 2169 892 2254; x_wconf 78' lang='lat' dir='ltr'>verbis]</span> 
     </span>
    </p>
   </div>
   <div class='ocr_carea' id='block_1_9' title="bbox 130 2304 1263 3030">
    <p class='ocr_par' dir='ltr' id='par_1_10' title="bbox 130 2304 1263 3030">
     <span class='ocr_line' id='line_1_19' title="bbox 182 2304 1263 2384; baseline 0.004 -21"><span class='ocrx_word' id='word_1_117' title='bbox 182 2307 187 2319; x_wconf 86' lang='lat'>&#39;</span> <span class='ocrx_word' id='word_1_118' title='bbox 220 2309 265 2364; x_wconf 90' lang='lat' dir='ltr'>Ita</span> <span class='ocrx_word' id='word_1_119' title='bbox 278 2306 425 2384; x_wconf 74' lang='lat' dir='ltr'>pleraeque</span> <span class='ocrx_word' id='word_1_120' title='bbox 437 2305 595 2364; x_wconf 82' lang='lat' dir='ltr'>editiones:</span> <span class='ocrx_word' id='word_1_121' title='bbox 608 2317 637 2363; x_wconf 89' lang='lat' dir='ltr'>at</span> <span class='ocrx_word' id='word_1_122' title='bbox 647 2309 806 2384; x_wconf 85' lang='lat' dir='ltr'>Grangaeus</span> <span class='ocrx_word' id='word_1_123' title='bbox 817 2317 845 2362; x_wconf 91' lang='lat' dir='ltr'>et</span> <span class='ocrx_word' id='word_1_124' title='bbox 856 2304 921 2375; x_wconf 87' lang='lat' dir='ltr'>alii,</span> <span class='ocrx_word' id='word_1_125' title='bbox 931 2307 1051 2377; x_wconf 70' lang='lat' dir='ltr'>audiat,</span> <span class='ocrx_word' id='word_1_126' title='bbox 1065 2305 1186 2382; x_wconf 84' lang='lat' dir='ltr'>melius,</span> <span class='ocrx_word' id='word_1_127' title='bbox 1261 2367 1263 2372; x_wconf 85' lang='grc'>,</span> 
     </span>
     <span class='ocr_line' id='line_1_20' title="bbox 181 2391 1188 2480; baseline 0.004 -21"><span class='ocrx_word' id='word_1_128' title='bbox 181 2391 218 2459; x_wconf 77' lang='lat' dir='ltr'>ut</span> <span class='ocrx_word' id='word_1_129' title='bbox 232 2415 261 2460; x_wconf 90' lang='lat' dir='ltr'>et</span> <span class='ocrx_word' id='word_1_130' title='bbox 274 2423 337 2480; x_wconf 83' lang='lat' dir='ltr'>ego.</span> <span class='ocrx_word' id='word_1_131' title='bbox 356 2407 504 2460; x_wconf 75' lang='lat' dir='ltr'>Tartarum</span> <span class='ocrx_word' id='word_1_132' title='bbox 524 2403 670 2480; x_wconf 89' lang='lat' dir='ltr'>crepitus,</span> <span class='ocrx_word' id='word_1_133' title='bbox 685 2402 741 2460; x_wconf 92' lang='lat' dir='ltr'>hoc</span> <span class='ocrx_word' id='word_1_134' title='bbox 762 2415 821 2472; x_wconf 90' lang='lat' dir='ltr'>est,</span> <span class='ocrx_word' id='word_1_135' title='bbox 838 2405 1009 2458; x_wconf 84' lang='lat' dir='ltr'>crotaloram</span> <span class='ocrx_word' id='word_1_136' title='bbox 1028 2424 1044 2462; x_wconf 89' lang='lat' dir='ltr'>e</span> <span class='ocrx_word' id='word_1_137' title='bbox 1064 2407 1140 2462; x_wconf 70' lang='lat' dir='ltr'>testu</span> <span class='ocrx_word' id='word_1_138' title='bbox 1159 2419 1188 2463; x_wconf 87' lang='lat' dir='ltr'>et</span> 
     </span>
     <span class='ocr_line' id='line_1_21' title="bbox 178 2498 1240 2584; baseline 0.001 -27"><span class='ocrx_word' id='word_1_139' title='bbox 178 2499 359 2577; x_wconf 84' lang='lat' dir='ltr'>conchyliis,</span> <span class='ocrx_word' id='word_1_140' title='bbox 372 2499 480 2577; x_wconf 90' lang='lat' dir='ltr'>quihus</span> <span class='ocrx_word' id='word_1_141' title='bbox 498 2499 529 2557; x_wconf 91' lang='lat' dir='ltr'>in</span> <span class='ocrx_word' id='word_1_142' title='bbox 546 2499 630 2568; x_wconf 83' lang='lat' dir='ltr'>India</span> <span class='ocrx_word' id='word_1_143' title='bbox 650 2499 784 2557; x_wconf 81' lang='lat' dir='ltr'>saltantes</span> <span class='ocrx_word' id='word_1_144' title='bbox 804 2498 918 2556; x_wconf 81' lang='lat' dir='ltr'>feminae</span> <span class='ocrx_word' id='word_1_145' title='bbox 930 2511 1072 2584; x_wconf 82' lang='lat' dir='ltr'>utuntur3</span> <span class='ocrx_word' id='word_1_146' title='bbox 1088 2503 1188 2580; x_wconf 86' lang='lat' dir='ltr'>cujus·</span> <span class='ocrx_word' id='word_1_147' title='bbox 1232 2537 1240 2558; x_wconf 86' lang='lat'>.</span> 
     </span>
     <span class='ocr_line' id='line_1_22' title="bbox 182 2595 1188 2680; baseline 0.004 -27"><span class='ocrx_word' id='word_1_148' title='bbox 182 2596 263 2654; x_wconf 89' lang='lat' dir='ltr'>modi</span> <span class='ocrx_word' id='word_1_149' title='bbox 272 2598 447 2672; x_wconf 84' lang='lat' dir='ltr'>crepitacula</span> <span class='ocrx_word' id='word_1_150' title='bbox 456 2595 531 2653; x_wconf 89' lang='lat' dir='ltr'>Galli</span> <span class='ocrx_word' id='word_1_151' title='bbox 545 2609 860 2672; x_wconf 78' lang='lat' dir='ltr'>castagnettesvocant3</span> <span class='ocrx_word' id='word_1_152' title='bbox 872 2595 1073 2680; x_wconf 77' lang='lat' dir='ltr'>quodquidam</span> <span class='ocrx_word' id='word_1_153' title='bbox 1087 2599 1188 2657; x_wconf 82' lang='lat' dir='ltr'>instru-</span> 
     </span>
     <span class='ocr_line' id='line_1_23' title="bbox 130 2691 1187 2773; baseline 0.006 -24"><span class='ocrx_word' id='word_1_154' title='bbox 130 2757 135 2766; x_wconf 47' lang='grc'>,</span> <span class='ocrx_word' id='word_1_155' title='bbox 182 2693 273 2773; x_wconf 82' lang='lat' dir='ltr'>menti</span> <span class='ocrx_word' id='word_1_156' title='bbox 291 2708 382 2770; x_wconf 82' lang='lat' dir='ltr'>genus</span> <span class='ocrx_word' id='word_1_157' title='bbox 399 2691 515 2750; x_wconf 88' lang='lat' dir='ltr'>videtur</span> <span class='ocrx_word' id='word_1_158' title='bbox 533 2691 570 2750; x_wconf 90' lang='lat' dir='ltr'>ad</span> <span class='ocrx_word' id='word_1_159' title='bbox 583 2695 728 2750; x_wconf 89' lang='lat' dir='ltr'>Venerem</span> <span class='ocrx_word' id='word_1_160' title='bbox 746 2692 880 2762; x_wconf 87' lang='lat' dir='ltr'>incitare,</span> <span class='ocrx_word' id='word_1_161' title='bbox 893 2691 1018 2770; x_wconf 89' lang='lat' dir='ltr'>ideoque</span> <span class='ocrx_word' id='word_1_162' title='bbox 1036 2695 1187 2772; x_wconf 90' lang='lat' dir='ltr'>proprium</span> 
     </span>
     <span class='ocr_line' id='line_1_24' title="bbox 182 2781 1187 2867; baseline 0.004 -22"><span class='ocrx_word' id='word_1_163' title='bbox 182 2807 243 2846; x_wconf 90' lang='lat' dir='ltr'>esse</span> <span class='ocrx_word' id='word_1_164' title='bbox 261 2787 421 2849; x_wconf 87' lang='lat' dir='ltr'>mulierum</span> <span class='ocrx_word' id='word_1_165' title='bbox 437 2781 663 2867; x_wconf 83' lang='lat' dir='ltr'>impudicarum.</span> <span class='ocrx_word' id='word_1_166' title='bbox 683 2788 730 2846; x_wconf 91' lang='lat' dir='ltr'>Sic</span> <span class='ocrx_word' id='word_1_167' title='bbox 745 2787 868 2867; x_wconf 80' lang='lat' dir='ltr'>Virgilio</span> <span class='ocrx_word' id='word_1_168' title='bbox 893 2792 972 2867; x_wconf 90' lang='lat' dir='ltr'>Copa</span> <span class='ocrx_word' id='word_1_169' title='bbox 992 2790 1129 2849; x_wconf 86' lang='lat' dir='ltr'>meretrix</span> <span class='ocrx_word' id='word_1_170' title='bbox 1141 2790 1187 2849; x_wconf 91' lang='lat' dir='ltr'>di-</span> 
     </span>
     <span class='ocr_line' id='line_1_25' title="bbox 183 2875 716 2943; baseline 0.008 -3"><span class='ocrx_word' id='word_1_171' title='bbox 183 2885 259 2943; x_wconf 91' lang='lat' dir='ltr'>citur</span> <span class='ocrx_word' id='word_1_172' title='bbox 436 2875 440 2886; x_wconf 78' lang='grc'>’</span> <span class='ocrx_word' id='word_1_173' title='bbox 715 2907 716 2910; x_wconf 66' lang='grc'>’</span> 
     </span>
     <span class='ocr_line' id='line_1_26' title="bbox 395 2961 930 3030; baseline 0 -16"><span class='ocrx_word' id='word_1_174' title='bbox 395 2964 502 3030; x_wconf 84' lang='lat' dir='ltr'>Crispum</span> <span class='ocrx_word' id='word_1_175' title='bbox 515 2967 559 3015; x_wconf 86' lang='lat' dir='ltr'>sub</span> <span class='ocrx_word' id='word_1_176' title='bbox 572 2966 664 3014; x_wconf 84' lang='lat' dir='ltr'>crotala</span> <span class='ocrx_word' id='word_1_177' title='bbox 675 2965 849 3014; x_wconf 68' lang='lat' dir='ltr'>eiectamenta</span> <span class='ocrx_word' id='word_1_178' title='bbox 859 2961 930 3014; x_wconf 77' lang='lat' dir='ltr'>latus.</span> 
     </span>
    </p>
   </div>
   <div class='ocr_carea' id='block_1_10' title="bbox 185 3059 606 3134">
    <p class='ocr_par' dir='ltr' id='par_1_11' title="bbox 185 3059 606 3134">
     <span class='ocr_line' id='line_1_27' title="bbox 185 3059 606 3134; baseline -0.002 -7"><span class='ocrx_word' id='word_1_179' title='bbox 185 3059 242 3127; x_wconf 89' lang='lat' dir='ltr'>Sed</span> <span class='ocrx_word' id='word_1_180' title='bbox 255 3067 395 3128; x_wconf 88' lang='lat' dir='ltr'>hactenns</span> <span class='ocrx_word' id='word_1_181' title='bbox 409 3089 442 3134; x_wconf 86' lang='lat' dir='ltr'>ea</span> <span class='ocrx_word' id='word_1_182' title='bbox 458 3069 494 3126; x_wconf 90' lang='lat' dir='ltr'>de</span> <span class='ocrx_word' id='word_1_183' title='bbox 507 3091 548 3128; x_wconf 87' lang='lat' dir='ltr'>re.</span> <span class='ocrx_word' id='word_1_184' title='bbox 570 3071 606 3127; x_wconf 91' lang='lat' dir='ltr'>H.</span> 
     </span>
    </p>
   </div>
   <div class='ocr_carea' id='block_1_11' title="bbox 182 3219 1183 3310">
    <p class='ocr_par' dir='ltr' id='par_1_12' title="bbox 182 3219 1183 3310">
     <span class='ocr_line' id='line_1_28' title="bbox 182 3219 1183 3310; baseline 0.001 -27"><span class='ocrx_word' id='word_1_185' title='bbox 182 3241 218 3283; x_wconf 64' lang='grc' dir='ltr'>ν.»</span> <span class='ocrx_word' id='word_1_186' title='bbox 239 3219 310 3307; x_wconf 81' lang='lat'>173.</span> <span class='ocrx_word' id='word_1_187' title='bbox 330 3219 396 3302; x_wconf 85' lang='lat' dir='ltr'>Qui</span> <span class='ocrx_word' id='word_1_188' title='bbox 411 3219 681 3284; x_wconf 65' lang='lat' dir='ltr'>Lacedaemonium</span> <span class='ocrx_word' id='word_1_189' title='bbox 691 3219 880 3307; x_wconf 87' lang='lat' dir='ltr'>pedeumate</span> <span class='ocrx_word' id='word_1_190' title='bbox 894 3219 1034 3284; x_wconf 87' lang='lat' dir='ltr'>lubricat</span> <span class='ocrx_word' id='word_1_191' title='bbox 1051 3222 1183 3310; x_wconf 73' lang='lat' dir='ltr'>orbem]</span> 
     </span>
    </p>
   </div>
   <div class='ocr_carea' id='block_1_12' title="bbox 156 3357 1270 4025">
    <p class='ocr_par' dir='ltr' id='par_1_13' title="bbox 156 3357 1270 4025">
     <span class='ocr_line' id='line_1_29' title="bbox 222 3357 1184 3438; baseline 0.002 -19"><span class='ocrx_word' id='word_1_192' title='bbox 222 3359 296 3419; x_wconf 87' lang='lat' dir='ltr'>Mire</span> <span class='ocrx_word' id='word_1_193' title='bbox 310 3360 451 3418; x_wconf 86' lang='lat' dir='ltr'>laceratus</span> <span class='ocrx_word' id='word_1_194' title='bbox 464 3359 520 3417; x_wconf 84' lang='lat' dir='ltr'>tuit</span> <span class='ocrx_word' id='word_1_195' title='bbox 533 3359 580 3417; x_wconf 91' lang='lat' dir='ltr'>hic</span> <span class='ocrx_word' id='word_1_196' title='bbox 594 3379 710 3430; x_wconf 87' lang='lat' dir='ltr'>versus,</span> <span class='ocrx_word' id='word_1_197' title='bbox 725 3360 793 3437; x_wconf 89' lang='lat' dir='ltr'>quia</span> <span class='ocrx_word' id='word_1_198' title='bbox 809 3357 868 3417; x_wconf 82' lang='lat' dir='ltr'>non</span> <span class='ocrx_word' id='word_1_199' title='bbox 881 3359 1104 3438; x_wconf 87' lang='lat' dir='ltr'>intelligebatur.</span> <span class='ocrx_word' id='word_1_200' title='bbox 1120 3365 1184 3421; x_wconf 87' lang='lat' dir='ltr'>Do-</span> 
     </span>
     <span class='ocr_line' id='line_1_30' title="bbox 182 3455 1186 3532; baseline 0.002 -19"><span class='ocrx_word' id='word_1_201' title='bbox 182 3456 283 3514; x_wconf 88' lang='lat' dir='ltr'>mitius</span> <span class='ocrx_word' id='word_1_202' title='bbox 293 3459 449 3532; x_wconf 80' lang='lat' dir='ltr'>pytismate</span> <span class='ocrx_word' id='word_1_203' title='bbox 464 3455 610 3526; x_wconf 89' lang='lat' dir='ltr'>emendat‚</span> <span class='ocrx_word' id='word_1_204' title='bbox 622 3466 651 3513; x_wconf 89' lang='lat' dir='ltr'>et</span> <span class='ocrx_word' id='word_1_205' title='bbox 665 3456 921 3512; x_wconf 74' lang='lat' dir='ltr'>Lacedaemonium</span> <span class='ocrx_word' id='word_1_206' title='bbox 936 3458 1031 3512; x_wconf 86' lang='lat' dir='ltr'>orbem</span> <span class='ocrx_word' id='word_1_207' title='bbox 1044 3457 1186 3516; x_wconf 90' lang='lat' dir='ltr'>annulum</span> 
     </span>
     <span class='ocr_line' id='line_1_31' title="bbox 182 3549 1183 3632; baseline 0.001 -21"><span class='ocrx_word' id='word_1_208' title='bbox 182 3553 312 3632; x_wconf 70' lang='lat' dir='ltr'>exponit</span> <span class='ocrx_word' id='word_1_209' title='bbox 319 3549 432 3610; x_wconf 88' lang='lat' dir='ltr'>Merula</span> <span class='ocrx_word' id='word_1_210' title='bbox 441 3551 598 3609; x_wconf 85' lang='lat' dir='ltr'>saltationis</span> <span class='ocrx_word' id='word_1_211' title='bbox 606 3551 756 3609; x_wconf 85' lang='lat' dir='ltr'>Laconicae</span> <span class='ocrx_word' id='word_1_212' title='bbox 765 3571 856 3628; x_wconf 83' lang='lat' dir='ltr'>genus</span> <span class='ocrx_word' id='word_1_213' title='bbox 865 3571 927 3610; x_wconf 85' lang='lat' dir='ltr'>esse</span> <span class='ocrx_word' id='word_1_214' title='bbox 938 3552 986 3622; x_wconf 87' lang='lat' dir='ltr'>ait,</span> <span class='ocrx_word' id='word_1_215' title='bbox 996 3551 1077 3630; x_wconf 90' lang='lat' dir='ltr'>quod</span> <span class='ocrx_word' id='word_1_216' title='bbox 1086 3565 1183 3612; x_wconf 87' lang='lat' dir='ltr'>tamen</span> 
     </span>
     <span class='ocr_line' id='line_1_32' title="bbox 183 3647 1270 3728; baseline 0.001 -21"><span class='ocrx_word' id='word_1_217' title='bbox 183 3669 329 3728; x_wconf 88' lang='lat' dir='ltr'>nusquam</span> <span class='ocrx_word' id='word_1_218' title='bbox 342 3649 447 3708; x_wconf 85' lang='lat' dir='ltr'>latetur</span> <span class='ocrx_word' id='word_1_219' title='bbox 460 3649 573 3727; x_wconf 86' lang='lat' dir='ltr'>legisse.</span> <span class='ocrx_word' id='word_1_220' title='bbox 587 3649 767 3724; x_wconf 57' lang='lat' dir='ltr'>Riulitmate</span> <span class='ocrx_word' id='word_1_221' title='bbox 779 3647 938 3712; x_wconf 76' lang='lat' dir='ltr'>Politianus</span> <span class='ocrx_word' id='word_1_222' title='bbox 953 3647 1109 3727; x_wconf 84' lang='lat' dir='ltr'>legendum</span> <span class='ocrx_word' id='word_1_223' title='bbox 1120 3671 1186 3708; x_wconf 73' lang='lat' dir='ltr'>cen-</span> <span class='ocrx_word' id='word_1_224' title='bbox 1268 3694 1270 3698; x_wconf 84' lang='lat'>-</span> 
     </span>
     <span class='ocr_line' id='line_1_33' title="bbox 182 3744 1185 3822; baseline 0 -18"><span class='ocrx_word' id='word_1_225' title='bbox 182 3747 257 3816; x_wconf 81' lang='lat' dir='ltr'>suit,</span> <span class='ocrx_word' id='word_1_226' title='bbox 268 3745 300 3802; x_wconf 90' lang='lat' dir='ltr'>id</span> <span class='ocrx_word' id='word_1_227' title='bbox 312 3745 437 3810; x_wconf 76' lang='lat' dir='ltr'>animer</span> <span class='ocrx_word' id='word_1_228' title='bbox 446 3744 563 3809; x_wconf 83' lang='lat' dir='ltr'>Galerio</span> <span class='ocrx_word' id='word_1_229' title='bbox 571 3763 633 3815; x_wconf 83' lang='lat' dir='ltr'>esse</span> <span class='ocrx_word' id='word_1_230' title='bbox 644 3762 737 3822; x_wconf 83' lang='lat' dir='ltr'>genus</span> <span class='ocrx_word' id='word_1_231' title='bbox 748 3744 974 3814; x_wconf 86' lang='lat' dir='ltr'>exercitationis,</span> <span class='ocrx_word' id='word_1_232' title='bbox 985 3763 1046 3822; x_wconf 87' lang='lat' dir='ltr'>quo</span> <span class='ocrx_word' id='word_1_233' title='bbox 1057 3745 1087 3802; x_wconf 92' lang='lat' dir='ltr'>iu</span> <span class='ocrx_word' id='word_1_234' title='bbox 1096 3749 1185 3804; x_wconf 86' lang='lat' dir='ltr'>Laco·</span> 
     </span>
     <span class='ocr_line' id='line_1_34' title="bbox 184 3840 1187 3924; baseline -0.001 -24"><span class='ocrx_word' id='word_1_235' title='bbox 184 3842 271 3912; x_wconf 88' lang='lat' dir='ltr'>uicis,</span> <span class='ocrx_word' id='word_1_236' title='bbox 280 3841 311 3898; x_wconf 92' lang='lat' dir='ltr'>id</span> <span class='ocrx_word' id='word_1_237' title='bbox 322 3853 380 3911; x_wconf 87' lang='lat' dir='ltr'>est,</span> <span class='ocrx_word' id='word_1_238' title='bbox 393 3840 548 3898; x_wconf 86' lang='lat' dir='ltr'>sudatoriis</span> <span class='ocrx_word' id='word_1_239' title='bbox 561 3851 726 3910; x_wconf 84' lang='lat' dir='ltr'>uterentur,</span> <span class='ocrx_word' id='word_1_240' title='bbox 737 3852 878 3918; x_wconf 86' lang='lat' dir='ltr'>peruncto</span> <span class='ocrx_word' id='word_1_241' title='bbox 891 3841 973 3919; x_wconf 87' lang='lat' dir='ltr'>prius</span> <span class='ocrx_word' id='word_1_242' title='bbox 985 3859 1122 3924; x_wconf 86' lang='lat' dir='ltr'>corpore:</span> <span class='ocrx_word' id='word_1_243' title='bbox 1136 3843 1187 3900; x_wconf 91' lang='lat' dir='ltr'>ob-</span> 
     </span>
     <span class='ocr_line' id='line_1_35' title="bbox 156 3919 1189 4025; baseline 0.003 -29"><span class='ocrx_word' id='word_1_244' title='bbox 156 3973 159 3978; x_wconf 35' lang='lat'>*</span> <span class='ocrx_word' id='word_1_245' title='bbox 184 3919 360 3999; x_wconf 82' lang='lat' dir='ltr'>tineretbasc</span> <span class='ocrx_word' id='word_1_246' title='bbox 368 3937 523 4008; x_wconf 86' lang='lat' dir='ltr'>sententia,</span> <span class='ocrx_word' id='word_1_247' title='bbox 533 3937 558 3994; x_wconf 89' lang='lat' dir='ltr'>si</span> <span class='ocrx_word' id='word_1_248' title='bbox 566 3935 645 4004; x_wconf 81' lang='lat' dir='ltr'>docti</span> <span class='ocrx_word' id='word_1_249' title='bbox 654 3955 733 4020; x_wconf 62' lang='lat' dir='ltr'>eam,</span> <span class='ocrx_word' id='word_1_250' title='bbox 746 3955 815 3996; x_wconf 83' lang='lat' dir='ltr'>cum</span> <span class='ocrx_word' id='word_1_251' title='bbox 824 3937 883 4008; x_wconf 89' lang='lat' dir='ltr'>his,</span> <span class='ocrx_word' id='word_1_252' title='bbox 895 3935 1048 4025; x_wconf 74' lang='lat' dir='ltr'>dequibus</span> <span class='ocrx_word' id='word_1_253' title='bbox 1058 3936 1189 4015; x_wconf 84' lang='lat' dir='ltr'>loquitar</span> 
     </span>
    </p>
   </div>
   <div class='ocr_carea' id='block_1_13' title="bbox 0 0 1474 4660">
    <p class='ocr_par' dir='ltr' id='par_1_14' title="bbox 0 0 1474 4660">
     <span class='ocr_line' id='line_1_36' title="bbox 0 0 1474 4660; baseline 0 0"><span class='ocrx_word' id='word_1_254' title='bbox 0 0 1474 4660; x_wconf 95' lang='lat' dir='ltr'> </span> 
     </span>
    </p>
   </div>
  </div>
 </body>
</html>
