2924 4662
251 387 252 392 '
370 351 954 483 micciusmminvr.
1106 375 1234 492 ²79⁴

167 543 249 612 patre
258 532 338 610 jussa
350 542 424 588 esta
439 533 564 592 Nerone.
581 527 735 604 Egnatium
754 537 853 584 autem
869 523 918 580 hic
936 523 1022 599 poita
1038 519 1077 578 ob
1093 518 1174 578 dela-

169 630 279 686 tionem
292 627 366 685 hanc
378 627 471 704 ipsam
485 643 560 703 saepe
574 624 699 692 lacerat,
712 633 746 679 nt
760 621 893 699 superius
907 617 999 677 dixit:

346 742 440 794 Stoicus
449 739 540 789 decidit
549 742 648 788 Baream
657 737 750 788 delator
759 736 866 784 amicum
876 769 884 794 ‚

346 820 549 886 Diacipolnmqne
557 833 639 867 mnes.
893 827 896 832 ’

213 927 249 980 V.
264 921 331 990 554.
347 927 374 980 A
376 923 480 996 fronte
489 942 513 978 r.
528 925 576 990 A.]
590 923 741 997 Tanquam
753 918 806 976 sia
818 922 889 974 Jove
906 915 971 992 ipso
984 918 1129 974 Ammone
1142 914 1180 972 sit
1290 909 1296 924 ⁸

174 1019 296 1078 dictum.
310 1017 419 1096 Apollo
431 1037 498 1076 nam
509 1014 644 1093 indignos
658 1015 790 1072 homines
800 1025 885 1090 putat
895 1011 1005 1089 quibus
1016 1011 1113 1069 futura
1124 1031 1181 1068 res·

173 1115 314 1194 pondeat.
326 1118 402 1172 Nam
413 1113 505 1190 magis
517 1113 558 1171 sic
571 1111 759 1189 intelligitur,
771 1109 854 1186 quod
863 1107 1028 1167 Alexander
1036 1107 1183 1165 damnavit

175 1211 322 1288 ternplum
342 1209 489 1288 Apollinis
510 1209 541 1268 in
562 1207 703 1285 Delphis,
723 1226 761 1264 ne
783 1206 841 1262 sint
862 1203 995 1263 homines
1016 1205 1184 1262 futurorum

178 1305 301 1385 praescii.
353 1289 354 1294 ἵ

220 1405 258 1459 V.
273 1400 339 1474 557.
356 1403 451 1458 Proec.
468 1399 619 1458 ta‘esthor.
634 1419 663 1474 q.
680 1413 704 1456 s'.
719 1403 778 1469 em]
792 1399 988 1472 Deestfuerit
1005 1401 1118 1456 Horum
1132 1417 1185 1455 au-

181 1511 259 1568 tem,
272 1497 376 1566 idest,
391 1514 560 1573 magorum,
574 1494 778 1572 haruspicum,
791 1493 1070 1552 mathematicorum.

220 1597 257 1652 V.
275 1592 340 1650 560.
355 1593 457 1649 Sonuit
467 1594 495 1650 si
508 1593 538 1649 d:
544 1592 588 1665 f.]
605 1591 635 1650 si
645 1590 752 1669 jamin
766 1590 873 1648 eatenis
885 1589 958 1660 fuit,
972 1601 1023 1646 ant
1035 1590 1066 1647 in
1077 1601 1187 1648 castro-

180 1709 249 1749 rum
260 1687 402 1748 custodia.

221 1790 258 1844 V.
273 1786 339 1844 562.
352 1789 448 1844 Nemo
459 1785 610 1856 mutirem]
626 1784 716 1857 Quasi
734 1783 773 1844 ob
791 1784 912 1842 nimiam
929 1784 1062 1863 peritiam
1079 1781 1189 1842 scilicet

72 1938 81 1964 .
183 1883 445 1942 sentiamus.

223 1983 260 2036 V.
283 1977 351 2036 563.
374 1983 411 2034 In
433 1980 564 2052 Cyclada
585 1981 678 2047 inrui]
699 1981 735 2036 In
754 1976 848 2035 insula
870 1976 1030 2053 Cycladum
1049 1974 1190 2053 relegari:

186 2092 287 2132 senam
299 2072 347 2130 hic
360 2084 404 2130 est
414 2115 422 2142 ‚
434 2072 626 2148 peritissimus
639 2072 852 2148 astrologorum
867 2072 917 2128 ille
929 2084 991 2140 est,
1005 2072 1057 2146 qui
1071 2070 1127 2127 tale
1138 2071 1192 2128 ali-

187 2166 262 2246 quid
273 2166 389 2224 admisit
400 2187 407 2220 :
420 2163 489 2222 cirm
505 2166 616 2252 iecinus
631 2185 692 2222 non
705 2165 823 2222 exilium
839 2183 953 2240 semper
965 2176 1117 2222 mereatur.

228 2265 265 2320 V.
293 2261 361 2320 566.
387 2261 534 2334 Tanaquil
556 2265 628 2329 tum]
648 2259 740 2318 Modo
762 2277 816 2336 pro
837 2257 968 2334 qualibet
986 2272 1078 2316 uxore
1097 2260 1196 2335 posuit

190 2375 308 2416 nomeu.
321 2359 390 2413 Haec
400 2365 499 2412 autem
512 2353 655 2430 Tanaquil
670 2354 727 2412 fuit
742 2352 891 2431 Tarquinii
901 2353 990 2412 Prisci
999 2373 1091 2424 uxor,
1104 2355 1196 2412 soceri
1276 2387 1279 2396 ι

190 2452 306 2512 Servilii
316 2451 424 2523 Tullii,
436 2469 502 2528 quae
513 2449 621 2508 dicitur
633 2449 965 2510 mathematicam-artem
978 2451 1088 2528 optimc
1098 2451 1194 2509 scisse.

231 2553 267 2610 V.
282 2548 348 2621 567.
360 2549 407 2604 An
418 2549 611 2616 conicturam]
621 2531 696 2602 Ruri
706 2553 797 2602 κοινοῦι
808 2545 950 2618 consulit,
964 2548 988 2606 si
999 2556 1143 2624 superstes
1153 2546 1198 2606 illi

193 2646 230 2704 sit
242 2643 357 2702 adulter
370 2662 450 2702 suus.
613 2683 615 2690 ·
724 2695 727 2700 .
901 2697 903 2702 ,
1015 2669 1066 2713 Δ·

231 2743 267 2798 V.
286 2741 353 2818 569.
373 2740 453 2814 Quid
461 2741 516 2796 sid.
530 2745 578 2810 tn]
594 2738 806 2816 superstitiose.
820 2737 978 2816 Virgilius:

369 2855 466 2921 Frigida
473 2855 572 2904 Saturni
583 2871 608 2902 rc
617 2865 642 2902 se
653 2853 710 2903 cim
720 2853 789 2903 neila
797 2863 911 2918 receptat

196 2929 348 2985 Lucanus:

307 3061 311 3070 Ι
370 3040 376 3052 .
397 3040 403 3052 .
423 3039 430 3052 .
450 3038 457 3052 .
476 3005 579 3053 Veneris
591 3003 687 3052 salubre
698 3004 773 3052 sidus.

236 3115 274 3168 V.
293 3109 359 3182 572.
375 3111 458 3165 Illius
475 3114 556 3178 occ]
577 3109 666 3180 Quasi
681 3107 777 3178 dicat,
796 3106 975 3168 tolerabilior
991 3107 1042 3166 illa
1063 3121 1121 3179 est,
1134 3130 1200 3187 quaa

199 3205 326 3266 consulit
338 3204 447 3262 alium:
462 3224 522 3263 non
536 3204 654 3264 ferenda
665 3223 734 3274 sero
753 3225 801 3276 ea,
816 3225 881 3284 quae
897 3205 960 3284 ipsa
974 3205 1116 3264 mathesin
1129 3228 1202 3285 pro*
1218 3209 1223 3215 “

200 3305 309 3362 fitetur.
663 3277 685 3320 Ι
1162 3355 1165 3360 Δ

239 3398 276 3456 V.
295 3395 361 3470 573.
382 3397 440 3455 Ceu
447 3399 532 3474 ping.
547 3417 622 3453 succ.
642 3409 676 3454 tr.
694 3418 750 3460 cer.
765 3399 843 3474 epla]
860 3398 1028 3456 Membrana
1040 3397 1205 3470 ,mathema-

201 3495 344 3574 ticorum,
360 3505 395 3551 ut
414 3504 495 3559 actus
512 3489 654 3562 diurnos,
668 3511 733 3570 quae
752 3493 866 3554 assidua
888 3495 1056 3552 tractatione
1074 3494 1205 3556 colorent

202 3613 291 3650 suum
299 3587 697 3668 mutavit‚et*eplooeafacta
706 3601 762 3647 est:
771 3590 899 3648 colorem
908 3589 990 3661 fecit,
1000 3603 1033 3650 ut
1042 3593 1203 3652 succinum.

241 3698 279 3753 V.
295 3695 363 3768 576.
380 3698 447 3753 Νοη
460 3696 512 3752 ibit
513 3688 598 3769 pan]
612 3697 652 3752 Ut
668 3694 785 3772 praesoia
797 3694 889 3752 futuri
902 3695 1034 3772 periculi.
1048 3696 1207 3758 Thrasillus

203 3789 363 3851 multarum
378 3789 483 3874 artium
498 3789 646 3846 scientiam
663 3788 810 3867 professus
821 3832 829 3860 ,
842 3802 989 3867 postremo
1003 3811 1033 3850 se
1046 3792 1128 3851 dedit
1142 3794 1207 3852 Pla-

134 3945 136 3948 .
193 3881 309 3948 *tonicae
328 3899 427 3959 sectae,
442 3905 475 3944 ae
495 3885 601 3943 deinde
620 3885 763 3944 mathesi:
783 3906 842 3964 qua
861 3889 1006 3966 praecipue
1019 3889 1112 3968 viguit
1128 3891 1207 3968 apud

168 4033 171 4042 ,
205 3985 372 4060 Tiberium,
382 3991 451 4042 cu'm
460 4003 520 4062 quo
530 3982 585 4044 sub
594 3982 705 4046 honom
716 3982 846 4064 ejusdcm
856 3984 924 4043 artis
935 3984 1112 4046 familiariter
1123 3988 1207 4058 vixit,

986 4101 1036 4164 ¹9·
