2924 4662
410 385 464 453 1n
486 385 661 454 Juvan.
684 353 911 452 sturnini
930 385 993 451 ιν.
1143 383 1208 474 2⁵7

207 505 277 568 cim
290 509 447 588 provinciis
460 511 595 589 plurimis
614 510 792 589 praeinisset,
806 510 893 578 Urbis
910 527 1011 568 curam
1027 509 1210 570 administra·

207 607 250 663 vit
269 607 321 684 (7).
343 607 418 665 Hinc
433 620 484 666 est
507 608 694 688 Pegasiauum
717 606 826 665 scilicet
843 608 910 685 jus,
928 605 1009 684 quiid
1025 606 1210 685 jurisperitus

207 701 309 760 inemt.

245 802 280 855 V.
296 799 342 856 80.
357 803 469 857 Ineunt·
477 801 611 871 justitia]
627 803 800 878 Quanquam
821 798 967 876 optimus,
984 809 1048 855 tum
1065 815 1119 874 pro
1137 808 1210 858 teu-

193 967 196 980 Ι
207 904 278 970 pore
291 895 389 952 omnia
401 895 508 974 injuste
521 895 632 974 agenda
644 895 789 954 credebat.

246 994 280 1048 V.
294 991 341 1048 tr.
358 993 451 1068 Crispi
452 994 585 1063 jucunda
599 997 744 1061 senectus]
759 995 911 1050 Lucanus:

383 1147 389 1160 .
411 1148 417 1160 .
438 1148 444 1160 .
464 1147 472 1161 .
489 1114 618 1178 insonsque
627 1113 760 1160 modestior
768 1112 845 1159 annis.

185 1200 186 1204 ἵ
206 1225 326 1302 Crispus
346 1224 498 1302 municeps
512 1223 689 1282 Viselliensis
708 1223 750 1300 (8)
772 1205 906 1280 tirocinio
928 1242 982 1280 sno
1002 1225 1033 1280 in
1052 1235 1153 1282 senatu
1171 1224 1211 1281 ita

206 1319 312 1396 coepit,
324 1323 420 1376 Patres
431 1319 601 1398 conscripti,
614 1332 699 1388 ettn,
712 1321 819 1389 Caesar,
832 1330 950 1397 propter
961 1319 1042 1396 quod
1053 1319 1141 1377 umul
1150 1340 1211 1380 ora-

206 1417 287 1473 tione
307 1415 349 1492 (9)
371 1415 537 1493 plenissime
556 1435 573 1472 a
591 1413 708 1472 Tiberio
727 1414 935 1484 conlaudatus,
950 1416 1089 1494 plurimas
1109 1428 1212 1494 sponte

206 1531 306 1570 causas
314 1513 398 1591 apud
413 1515 444 1569 C.
455 1517 490 1570 V.
506 1514 583 1591 egit:
599 1531 653 1590 pro
667 1532 725 1590 qua
738 1533 769 1570 re
783 1497 814 1568 iri
826 1512 944 1570 basilica
957 1511 1034 1571 Julia
1045 1516 1107 1592 ejus
1118 1527 1211 1572 statua

205 1609 300 1687 posita
318 1622 369 1666 est.
392 1607 567 1666 Consulatus
587 1608 662 1666 duos
681 1610 786 1687 gessit:
801 1627 906 1667 uxores
924 1608 1026 1669 habuit
1045 1611 1134 1682 duas,
1148 1611 1211 1689 pri-

206 1725 283 1764 mam
295 1707 469 1776 Domitiam,
481 1705 587 1764 deinde
600 1705 807 1784 Agrippinam,
820 1706 901 1763 illam
913 1707 1045 1778 amitam,
1060 1707 1134 1766 hanc
1147 1728 1213 1766 ma·
1259 1749 1265 1760 .

192 1794 280 1860 'trem
299 1803 423 1860 Neronis
443 1802 570 1860 Caesaris.
591 1801 722 1859 Possedit
740 1800 785 1859 bis
807 1802 890 1860 millo
905 1795 1055 1860 sestertia:
1076 1805 1211 1862 oninium

205 1899 373 1978 principum
387 1899 507 1976 gratiam
520 1898 676 1976 appetivit,
690 1899 742 1956 sed
756 1901 902 1976 praecipue
920 1901 1108 1979 Caesaris(1o)
1122 1911 1212 1980 quem

204 1996 260 2052 iter
271 1980 425 2051 facientem
436 2005 553 2051 secutus
564 2005 607 2049 est
617 1993 750 2070 pedibus.
764 1994 818 2051 Hic
832 1993 916 2052 nullo
926 1995 1061 2054 audiente
1071 2016 1088 2054 a
1097 2001 1212 2055 Nerone

205 2091 416 2166 iuterrogatus,
430 2086 603 2158 haberetne,
617 2089 782 2165 sicutipse,
796 2108 865 2145 cum
880 2109 977 2146 sorore
990 2111 1123 2167 germana
1137 2077 1211 2150 cone

206 2185 401 2244 suetudinem.
418 2182 574 2252 Nondum,
588 2181 702 2259 inquit:
718 2184 905 2258 quantumvis
918 2183 1054 2242 decenter
1066 2197 1095 2243 et
1107 2171 1211 2259 cante3

205 2302 244 2342 ne
262 2293 313 2337 aut
329 2290 481 2356 negantem
493 2278 554 2356 (ιι)
569 2296 638 2334 eum
654 2288 802 2354 argueret,
817 2290 866 2335 aut
881 2280 1082 2368 assputientem
1098 2281 1212 2344 sibimet

206 2371 1210 2456 mendaciodehonestaret.PeriitperfiaudemAgrippinae(12),·quam

157 2502 160 2507 ·
210 2474 349 2534 heredem
360 2473 532 2552 reliquerat,
546 2485 575 2530 et
588 2473 691 2530 sunere
704 2470 824 2550 publico
840 2473 933 2530 elatus
943 2487 997 2532 ost.

246 2574 282 2634 V.
296 2573 343 2645 87.
359 2573 430 2628 Cum
443 2591 501 2646 quo
512 2571 681 2647 deploratis]
696 2571 740 2628 De
753 2569 841 2629 rebus
854 2570 964 2630 frivolis
976 2583 1005 2630 et
1018 2573 1178 2634 usualibus.

244 2672 280 2726 V.
295 2687 342 2747 9⁰·
356 2671 419 2730 Nec
429 2669 495 2725 ciui
506 2674 586 2740 erut]
601 2671 662 2725 Aut
674 2667 736 2745 ipse
751 2668 885 2746 Crispus,
900 2680 952 2728 aut
963 2669 1151 2748 quicumque.

244 2768 279 2824 V.
296 2786 344 2844 91.
358 2767 397 2823 Et
407 2759 499 2824 ustam
511 2765 678 2842 impendere
690 2771 783 2835 vem]
800 2767 840 2822 Ut
851 2764 990 2843 Virgilius
1002 2789 1009 2822 :

379 2897 391 2938 ¹.
411 2924 418 2939 .
439 2926 445 2938 .
466 2925 472 2938 .
491 2888 891 2954 animasqueiuvulnersponunt.
966 2896 970 2904 '

247 3007 283 3060 V.
295 3012 343 3079 94.
356 3004 532 3077 Ejusdemp.
547 3008 582 3059 A.
595 3000 670 3078 oevi]
681 2999 838 3078 Virgilius:
857 3000 893 3056 Ut
905 3019 999 3076 regem
1009 3023 1178 3079 oequoevum.

212 3105 216 3110 “
248 3098 324 3158 Ibid.
337 3101 464 3167 Aciliae]
478 3098 587 3155 Consul
599 3097 653 3156 sub
665 3095 833 3155 Domitiano
846 3096 917 3167 luit,
929 3098 1066 3176 indignus
1077 3103 1136 3180 pati
1145 3123 1211 3181 quoe

209 3217 309 3278 passus
324 3209 383 3255 est:
397 3195 486 3274 hujus
500 3193 568 3254 ciam
584 3194 679 3253 filium
694 3196 833 3273 juvenem
846 3198 924 3254 Nero
937 3197 1098 3270 occideret,
1114 3201 1212 3280 ipsum
1304 3172 1314 3191 .

208 3295 336 3354 Acilium
352 3293 489 3361 semovit,
503 3294 561 3369 qui
569 3311 668 3370 poenas
681 3293 799 3350 sentiret
810 3291 951 3350 orbitatis.

244 3391 280 3448 V.
294 3391 342 3468 98.
356 3389 537 3446 Fratercnlus
550 3407 610 3444 esse
626 3391 772 3463 Gaganae]
786 3392 827 3447 Ut
839 3407 941 3458 omnes
957 3383 1010 3448 me'
1018 3391 1147 3464 oderint,
1160 3405 1211 3454 sut

205 3489 342 3559 timeant,
358 3498 408 3544 aut
423 3495 627 3543 contemnent:
640 3483 673 3541 id
685 3497 746 3556 est,
758 3484 901 3562 ignobiles
914 3506 968 3565 pro
982 3488 1161 3567 Gigantibus.

191 3588 193 3592 ’
222 3605 225 3612 ⁴
243 3587 279 3640 V.
300 3603 349 3661 99.
373 3585 458 3640 Ursus
467 3582 500 3655 s.
519 3581 689 3670 Numida]
708 3583 743 3638 In
762 3580 873 3640 lusorio
892 3584 1010 3642 Castris
1022 3586 1139 3663 juvenis
1157 3589 1212 3648 iste

205 3699 290 3739 ursos
298 3694 379 3758 ‘saepe
393 3677 476 3757 quasi
486 3683 626 3747 ‘venatum
640 3675 755 3759 occidit.

246 3781 284 3837 V.
302 3797 366 3834 101.
381 3779 483 3846 Arsen]
498 3771 634 3832 Fraudes.

157 3923 163 3938 ,
247 3877 284 3931 V.
302 3875 365 3930 103.
381 3873 531 3941 Barbam]
543 3869 702 3948 Tarquinio
715 3871 850 3948 Superbo
864 3893 871 3928 :
886 3873 1045 3951 propexam
1056 3876 1135 3952 enim
1147 3874 1214 3936 bar-

212 3969 281 4029 bam
295 3969 414 4043 habuit,
427 3964 496 4030 ciam
514 3981 595 4028 socer
614 3969 677 4044 ejus
697 3965 835 4030 Seruilius
846 3968 908 4045 (rs)
922 3981 1065 4030 attonsum
1080 3970 1214 4045 haberet,

1450 3885 1452 3896 t

1451 3897 1452 3906 r

1451 3911 1452 3932 l
