2930 4660
359 359 532 432 Nom
559 356 1169 426 1NJUVENALEM.163

309 485 551 562 Gracchorum,
564 483 679 547 sicum
692 483 817 572 magnis
830 482 1004 546 virtutibus
1015 481 1173 547 affers‘

312 581 443 646 Grande
457 579 691 683 supercilium,
698 595 743 645 et
752 583 902 646 numerus
918 579 955 642 in
972 577 1046 644 dote
1061 580 1173 644 trium-

354 680 469 770 rh⁰⁵d
537 767 539 771 ,

202 838 238 897 Id
251 851 313 910 est,
328 859 395 916 quae
417 859 477 897 non
496 837 593 898 solum
612 829 713 896 dotem
731 839 815 896 sucin
831 831 966 896 numerat
985 837 1107 907 marito,
1121 835 1173 896 sed

161 935 348 994 nobilitatem
370 937 465 1014 gentis
494 955 573 1007 suae,
595 933 760 1012 triumphos
785 946 959 1005 atavorum,
979 922 1172 1004 consulatus,

163 1033 338 1104 dictaturas,
353 1050 505 1104 censuras,
519 1032 613 1108 iisque
630 1030 734 1089 stolide
747 1031 924 1090 intumescit.
946 1031 984 1088 Η.

165 1203 198 1248 v.
207 1178 296 1278 175.
316 1179 441 1244 Extulit
454 1201 532 1268 ergo
545 1201 675 1267 gregem
691 1193 849 1244 notorum.
859 1177 874 1268 ]

205 1334 352 1390 Homerus
368 1303 477 1408 pueros
495 1329 668 1410 puellasque
685 1328 794 1398 Niobes
814 1332 857 1388 bu
875 1349 960 1388 senos
974 1329 1047 1390 dicit
1066 1332 1180 1407 inisse,

129 1453 131 1458 ·
166 1425 320 1506 Euripides
342 1429 383 1482 bis
402 1439 553 1502 septenos,
570 1425 710 1496 Ovidius,
725 1425 777 1485 lib.
794 1429 837 1484 Vl
856 1428 1050 1506 Metamorph
1068 1439 1176 1506 sqctem

158 1523 243 1598 filios
265 1525 438 1600 totidemque
457 1523 512 1597 fil
499 1542 544 1578 ros
552 1520 695 1602 ‚Sappho
716 1523 758 1578 bis
777 1541 917 1594 novenos,
936 1522 1122 1602 Bacchylides
1148 1536 1178 1586 et

168 1621 309 1679 Pindarus
333 1623 374 1676 bis
397 1623 497 1678 denos.
520 1618 647 1692 Quidam
669 1619 718 1678 ulii
739 1619 895 1702 scriptores
916 1632 974 1678 tres
994 1621 1081 1680 fuisse
1099 1623 1178 1682 solos

168 1717 321 1790 dixerunt,
334 1731 368 1776 ut
383 1719 423 1776 uit
439 1722 476 1775 A.
496 1716 626 1788 Gellius,
640 1736 704 1796 cup.
720 1716 824 1790 6,lib.
844 1721 913 1776 XX.
934 1721 996 1798 Ego
1013 1721 1179 1780 secundum

168 1835 224 1874 eos
240 1817 352 1887 sentio,
372 1815 425 1894 qui
443 1815 584 1894 majorem
603 1833 761 1874 numerum
784 1817 1080 1893 ponunt31uvenalis
1099 1832 1179 1878 certe

159 1910 218 1970 iric
238 1931 353 1987 gregem
375 1925 509 1968 notorum
530 1923 631 1982 vocat,
650 1930 805 1988 meamque
825 1895 981 1971 confirmat
998 1916 1179 1992 opinionem.
1257 1981 1276 1996 -.

168 2011 265 2072 Locus
278 2007 401 2066 Homeri
413 2019 456 2064 est
469 2013 504 2059 Ιλ.
517 2029 546 2060 ω.
820 2001 823 2006 ’
974 1999 978 2004 ’
1001 1999 1004 2005 ’
1180 2017 1183 2024 “

327 2159 534 2178 ········
556 2144 567 2176 ·.
591 2156 599 2176 ι
622 2161 630 2178 ·
651 2126 731 2184 ΝιοῈιι
746 2129 869 2199 ἐμνήσατο
884 2131 967 2192 σίτου,
1028 2141 1030 2146 ’

332 2230 416 2294 Τῇπερ
430 2218 534 2276 δώδεκα.
548 2219 640 2284 saisire
655 2224 688 2276 ἐνὶ
703 2225 842 2294 μεγάροισιν
857 2225 940 2276 ὄὶιντο

328 2307 417 2389 Hip-lv
432 2320 576 2390 θιγατέρις,
591 2313 675 2380 (ξδἰ
667 2315 883 2396 υἱιιςὴθώινιες.
931 2387 935 2394 Ι
1004 2389 1007 2394 Ι
1061 2314 1094 2370 C.

168 2476 202 2518 ιι
228 2449 301 2516 ι8ι.
330 2497 338 2514 .
367 2497 376 2512 .
404 2495 427 2512 .ι
442 2491 637 2514 ......
649 2452 674 2512 ’.
701 2497 710 2512 .
738 2497 747 2513 .
773 2449 856 2532 Quis
873 2449 1003 2522 deditus
1016 2469 1126 2518 antem

324 2549 438 2708 Usquc
459 2545 543 2628 adeo
559 2563 627 2629 est,
641 2563 681 2612 ut
699 2569 766 2615 non
785 2547 892 2631 illam,
911 2573 1010 2638 quum
1025 2551 1183 2619 laudibus

367 2669 385 2710 e
412 2661 478 2726 ert,

254 2735 256 2748 ’
323 2739 478 2822 Horreat,
489 2741 591 2830 inque
604 2743 670 2806 dies
686 2742 824 2831 septenis
837 2743 946 2808 oderit
959 2744 1046 2810 horis
1055 2743 1093 2835 Ρ]
1180 2757 1183 2762 “

211 2903 289 2978 Lege
307 2918 344 2957 ex
363 2914 412 2957 me
430 2921 437 2956 :
457 2899 547 2977 inque
568 2902 631 2970 die,
647 2899 845 2970 antiocenae
862 2921 976 2976 quoque
994 2905 1050 2960 die.
1069 2902 1105 2960 Id
1122 2916 1182 2977 est,
1294 2976 1296 2987 ,

171 2998 244 3070 Quis
253 2998 293 3054 ita
304 2996 391 3054 uxori
402 2995 520 3053 deditus
531 3007 590 3065 est,
602 2996 720 3074 quisita
732 2996 853 3074 uxorius
865 3008 925 3067 est,
937 3009 972 3056 ut
984 3017 1044 3056 non
1055 3004 1183 3076 quotidie

172 3113 225 3171 per
233 3105 346 3170 septem
356 3092 442 3169 horas
450 3110 573 3150 uxorem
581 3096 678 3164 suam,
691 3091 910 3172 quantumlibet
919 3093 989 3152 alias
998 3107 1027 3154 et
1035 3095 1183 3158 laudatam

172 3186 227 3246 sibi
240 3199 273 3246 et
286 3201 429 3259 amatam,
443 3187 546 3246 oderit.
569 3189 602 3245 (1.

172 3349 206 3391 ι.
227 3328 333 3416 196
292 3373 581 3392 .........
608 3325 706 3410 Quod
719 3329 807 3392 enim
824 3349 893 3396 non
910 3332 1029 3397 excitet
1043 3331 1165 3424 iuguep

319 3401 392 3489 Vox
405 3422 526 3488 blanda
539 3438 572 3486 et
587 3423 752 3512 nequam?
767 3421 885 3514 digitos
903 3426 1011 3492 habet.
1025 3428 1037 3516 ]

212 3566 258 3622 Ita
276 3563 433 3635 Pithoeus,
445 3561 546 3621 bene:
567 3562 609 3620 sic
627 3575 658 3621 et
677 3563 952 3645 Raphelengius‚
922 3569 979 3626 msi
996 3567 1079 3647 quod
1092 3570 1181 3654 hebet

174 3661 290 3718 εκσὶεατ.
305 3659 439 3718 Ibidem:

352 3803 736 3823 ················
753 3785 784 3824 ut
797 3785 880 3828 tumen
893 3793 980 3829 omnes

353 3849 486 3899 subsidant
495 3865 597 3914 pennae,
610 3850 678 3898 dices
689 3850 743 3900 haec
754 3853 855 3903 mollins
865 3858 945 3906 Aemo

349 3932 500 4003 Quanquam
511 3941 537 3982 et
547 3927 726 4000 Carpophoro,
731 3932 812 3994 luein
825 3945 868 3984 tna
879 3947 1011 4003 computat
1019 3955 1109 3992 ennon.

952 4045 965 4085 1
974 4047 1002 4089 1.
