2930 4660
339 377 514 448 NOTAE
536 375 595 446 IN
618 373 946 445 investisti.
1083 371 1149 456 ¹49

311 507 449 564 Dicturus,
461 517 580 570 tanqum
592 517 619 552 es
628 505 732 554 diteris
743 502 859 568 portibus
870 501 940 550 oriris
1149 513 1153 520 “

312 585 396 634 saxi·
406 583 532 653 pmcipiti
544 584 655 632 venisset
666 583 771 647 epistola
781 579 871 646 pinni.

134 686 171 744 si
181 705 284 744 verum
294 698 356 756 est,
367 687 450 764 qood
463 686 504 744 ait
514 698 597 744 vetos
608 683 792 754 scholiastes,
796 703 931 760 punam
942 680 1021 758 affigi
1029 679 1145 738 solitam

134 781 270 860 epistolis
277 781 424 852 sisoim
437 782 468 840 id
476 779 511 840 et
520 779 607 840 must
617 781 727 840 tactum
737 792 825 858 puto,
837 775 1146 838 asceteriutsvolueri

135 878 324 936 deferrentur
340 877 380 936 sd
395 879 576 956 principem:
592 877 669 934 male
690 877 782 954 gestis
799 875 879 934 enim
900 873 989 932 rebus
1007 872 1146 950 prudenti

136 973 330 1052 dispositione
343 973 459 1033 obvim
472 973 604 1032 eundum
616 985 661 1032 est
672 971 826 1042 citissime,
838 983 868 1030 et
880 968 1102 1048 providendum.
1115 967 1156 1026 Si·

138 1071 247 1130 falsum
255 1083 314 1142 est3
322 1072 577 1146 proecioitipeond
583 1113 594 1141 ,
605 1070 638 1128 id
646 1070 702 1128 erit
707 1069 845 1128 citissime
853 1067 999 1146 dispositis
1006 1065 1156 1144 jumentis

139 1169 269 1248 publicis
292 1180 323 1224 et
348 1167 479 1236 nunciis,
495 1171 618 1244 Pegaseo
638 1166 800 1224 velocitate.
823 1169 985 1232 Catum,
1000 1182 1055 1240 pro
1079 1173 1156 1218 tm.

138 1286 230 1343 quam
238 1278 269 1322 et
276 1263 615 1340 manumissores,
623 1262 906 1342 legendumomoioo
914 1271 999 1338 puto,
1006 1271 1157 1335 mm·

143 1381 183 1418 ex
197 1361 453 1436 diomopartitm
465 1361 558 1428 orsa,
571 1369 628 1418 etc.
641 1361 677 1416 G.

142 1463 175 1558 ri
192 1491 230 1556 81
237 1537 430 1556 ......
455 1489 553 1556 Venit
567 1506 599 1554 et
613 1489 718 1578 Crispi
731 1487 877 1576 jucunda
892 1501 1053 1566 senectus,
1065 1483 1144 1574 etc]

180 1588 301 1692 Vibium
314 1631 449 1710 Crispum
461 1651 615 1708 uunquam
631 1630 723 1691 libere
736 1630 870 1688 locumn
883 1645 946 1690 esse
958 1629 990 1688 in
1004 1625 1071 1686 sula
1080 1627 1144 1684 Do·

141 1727 254 1787 mitiaoi
273 1733 371 1806 Aug„
385 1746 537 1804 nunquam
552 1746 622 1784 eum
635 1725 854 1804 reprehendisse
873 1736 927 1784 aut
943 1723 1072 1803 argutus
1087 1719 1126 1780 ait
1136 1761 1156 1792 ,.

143 1823 252 1884 addens
264 1845 272 1882 ε

316 1907 356 1955 Sic
365 1905 457 1954 multas
465 1904 567 1970 hyemes
576 1916 652 1971 atque
661 1905 812 1972 octogesima
820 1905 885 1954 vidit

317 1984 444 2044 Solstitii,
456 1983 497 2032 his
510 1984 598 2042 armis,
610 1985 652 2032 illa
665 2001 767 2050 qnoque
778 1995 849 2033 tutus
859 1985 887 2032 iu
897 1981 960 2031 suls.

143 2087 191 2146 Sic
203 2085 360 2156 Pithoeus,
376 2086 416 2143 sic
429 2085 524 2144 Nicol.
541 2087 703 2165 tigurius,
717 2087 757 2144 sic
775 2099 805 2144 et
819 2084 1033 2164 Raphelengius
1047 2083 1146 2142 etalii.

143 2185 181 2243 Et
191 2197 287 2242 tamen
298 2202 351 2261 pro
361 2185 449 2240 armis
459 2182 617 2262 legendum
626 2196 669 2242 est
678 2185 780 2252 annu,
793 2183 824 2240 id
835 2193 893 2252 est,
905 2183 936 2240 in
946 2193 1004 2242 tam
1014 2193 1149 2260 provecta

100 2343 102 2347 ,
143 2292 175 2338 et
194 2279 319 2338 obnoxia
333 2291 430 2350 aetate,
442 2279 474 2337 in
494 2291 573 2337 tanta
592 2290 756 2350 senectute,
769 2298 863 2358 usque
882 2278 921 2335 ad
939 2276 1150 2358 octogesimum

142 2396 271 2446 annum,
284 2377 314 2434 in
331 2377 397 2434 aula
413 2389 473 2435 tam
488 2395 562 2434 saeva
579 2396 611 2433 ac
624 2375 750 2434 violenta
771 2387 852 2432 tutus
867 2374 906 2432 ab
925 2375 1005 2432 omni
1018 2372 1150 2454 periculo

143 2473 263 2554 Crispus
281 2473 346 2533 fuit.
365 2475 428 2544 Sic,
443 2473 581 2552 iuquam,
596 2472 627 2530 id
647 2485 707 2544 est,
722 2472 837 2531 silentio
855 2492 927 2544 suo,
938 2490 1055 2530 assensu
1075 2488 1149 2542 suo,

142 2567 280 2648 patientia
301 2567 371 2641 sud;
386 2588 537 2646 nunquam
553 2570 763 2648 Imperatorem
778 2568 953 2628 damnando.
970 2567 1111 2646 Alioquin
1126 2565 1154 2653 si

143 2665 189 2724 his
201 2668 289 2723 armis
300 2665 447 2744 legamus,
459 2684 554 2723 unum
564 2665 704 2744 idemque
715 2664 761 2723 bis
772 2663 850 2723 dicet
861 2667 957 2746 posita.
968 2666 1031 2735 Sic,
1045 2663 1076 2721 id
1090 2674 1149 2734 est,

145 2759 178 2819 ei
192 2774 268 2833 arte3
283 2762 371 2819 ethis
386 2763 476 2818 annii
482 2804 493 2832 ,
508 2760 540 2818 id
558 2774 601 2819 est
616 2762 722 2834 etiam,
737 2761 794 2819 hac*
805 2774 865 2820 arte
879 2773 976 2820 tutum
990 2779 1020 2818 se
1034 2760 1153 2838 Crispus

143 2857 276 2936 praestitit
287 2876 381 2934 usque
395 2856 538 2914 adseram
552 2869 676 2915 mortem
694 2876 710 2913 a
725 2856 871 2914 saevissimi
884 2856 1069 2935 Imperatoris
1082 2854 1154 2913 insi-

143 2953 213 3024 diis,
226 2955 365 3012 nimirum
379 2955 477 3012 omnia
489 2974 555 3033 quae
569 2955 675 3012 faceret
694 2951 855 3032 probando.
872 2954 984 3011 Omitto
1002 2973 1087 3011 anna
1104 2949 1156 3040 hic!

143 3069 199 3127 pro
210 3061 271 3107 arte
284 3049 484 3128 metaphoram
497 3069 558 3108 esse
570 3051 656 3130 plane
669 3050 843 3109 insolentem
854 3061 883 3107 et
893 3037 1010 3108 novam.
1025 3050 1062 3107 Η.

143 3201 176 3246 v.
201 3181 272 3246 116.
297 3181 407 3246 cecus
420 3161 566 3246 adulator
578 3179 733 3268 dirusque
745 3203 769 3243 a
778 3195 875 3271 ponte
885 3180 1009 3246 satelles

298 3278 424 3368 Dignus
437 3279 586 3344 Aricinos
603 3279 662 3366 qui
677 3277 876 3342 mendicaret
887 3277 930 3342 ad
941 3279 1047 3366 axes]

185 3420 277 3476 Vetus
287 3419 429 3497 interpres
439 3418 586 3478 iuvenalis
596 3420 635 3477 ita
642 3419 728 3498 legit3
739 3431 774 3476 ut
785 3433 921 3498 appareat
929 3420 990 3500 jam
1002 3433 1065 3478 turn
1075 3418 1154 3479 hunc

81 3518 83 3522 ’
145 3511 246 3572 locum
259 3513 349 3572 fuisse
364 3513 562 3592 depravatum.
581 3517 641 3586 Ita,
656 3515 795 3591 inquam,
810 3515 898 3594 legit,
913 3526 942 3573 et
962 3515 1102 3595 explicat,
1118 3517 1154 3573 dc

147 3629 266 3666 numero
277 3611 492 3680 ruendicorum3
508 3610 590 3687 quasi
603 3609 755 3668 mendicus
768 3612 842 3669 inter
856 3631 991 3690 proceres
1004 3624 1034 3670 et
1047 3611 1155 3670 amicos

146 3706 332 3788 Imperatoris
354 3705 514 3763 Domitiani
537 3723 598 3782 esse
625 3719 745 3784 posset,
768 3719 802 3764 ut
825 3707 971 3766 Juvenalis
991 3707 1084 3779 dixit,
1104 3721 1156 3766 aut
1207 3752 1208 3758 κ

146 3801 230 3878 quasi
247 3801 400 3884 mendicus
417 3813 468 3858 aut
485 3813 567 3871 tum,
584 3813 635 3858 aut
650 3814 733 3860 antea
753 3803 784 3860 in
805 3815 894 3880 ponte
913 3802 1018 3881 stipem
1036 3815 1155 3883 petens,

146 3909 225 3985 recte
238 3897 297 3956 dici
311 3910 410 3977 posset
423 3895 529 3976 dignus
543 3897 594 3976 q'ui
608 3897 785 3958 mendicaret
805 3899 842 3956 ad
862 3899 972 3957 clivum
984 3901 1154 3970 Aricinum,

148 3992 195 4050 vel
209 3992 241 4052 in
253 3992 331 4054 clivo
343 3993 473 4056 Aricino.
487 3992 619 4057 Catullus
632 3991 681 4053 hic
693 4005 754 4054 erat
767 4004 881 4056 senator
892 3999 1057 4068 Romanus,
1069 4007 1158 4056 notus
