2868 4658
207 267 271 348 331
434 270 577 340 vars.
603 271 978 340 couuuurlnn

246 397 365 467 V.'r74.
383 400 514 456 Nullane
525 400 643 474 peq'm'
658 401 780 475 coprus]
797 396 1048 476 Anthypephdra,
1062 395 1147 474 quasi
1162 395 1219 454 ob-

202 490 304 569 jectio.
317 493 394 568 Ergo
407 493 489 550 nulla
501 513 587 571 poena
601 507 775 564 maneteos,
791 495 843 572 qui
856 494 1009 572 pejerant?
1323 501 1324 504 ’

247 589 283 643 V.
302 586 366 658 175.
383 590 542 664 Abreptum
557 594 641 648 crede
651 592 779 666 hunegr.
795 597 833 662 c.]
848 591 883 648 ld
899 603 959 660 est,
974 601 1045 667 puta
1056 585 1147 666 quim
1158 607 1222 646 ma-

204 682 320 762 joribus
330 685 559 761 pesnis-afficitur
566 689 589 758 ',
600 705 770 766 quanquam
784 689 899 745 animus
908 700 979 745 tuus
989 687 1130 764 exposcit.
1141 682 1222 756 Quid

207 780 262 838 tibi
282 781 425 859 prodest?
443 803 498 844 nee
520 784 661 872 1111111111
681 805 717 844 ex
739 784 793 844 hac
814 804 846 844 re
868 785 1001 842 resarciri
1017 793 1132 862 potest:
1150 791 1222 859 puta

207 875 299 954 igitur
310 877 389 938 hunc
403 881 545 938 continuo
556 879 659 938 vinclis
671 877 765 958 ligari.
872 945 875 950 ¹

124 957 129 966 ⁵
249 975 286 1031 V.
313 976 377 1047 178.
395 977 455 1036 Sed
472 997 592 1054 corpore
613 981 732 1048 trunca]
754 975 790 1034 Id
812 987 872 1046 est,
890 975 979 1034 etiam
998 976 1023 1033 si
1042 973 1223 1042 decolletur,

208 1070 283 1129 nihil
294 1071 362 1130 inde
371 1071 446 1132 lucri
454 1072 591 1146 habebis,
601 1073 657 1132 nisi
668 1071 841 1132 invidiosam
851 1071 1060 1132 defensionem.
1072 1071 1131 1132 Sed
1141 1069 1224 1139 dieis,
1319 1071 1325 1080 '

208 1165 288 1224 bona
301 1186 347 1226 res
361 1181 404 1228 est
418 1169 569 1228 vindicari.
874 1165 876 1172 ’

248 1266 284 1320 V.
302 1264 367 1320 181.
381 1267 497 1341 Nempe
509 1266 563 1323 hoo
578 1265 705 1336 iudaea]
721 1263 873 1342 Imperiti,
887 1262 940 1341 qui
950 1260 1041 1320 nullis
1053 1259 1148 1318 causis
1161 1279 1226 1337 poe-
1253 1333 1255 1338 ,

209 1378 261 1417 nas
276 1375 448 1438 exposcunt.
465 1362 610 1441 Sapientis
627 1374 670 1419 est
690 1361 831 1420 (1111111111
845 1358 1061 1439 qualecumque
1077 1357 1228 1435 usquead

208 1457 393 1516 iracundiam
403 1471 439 1518 ut
454 1460 610 1540 procedat,
624 1478 685 1517 non
698 1457 786 1516 etiam
799 1456 836 1515 ad
847 1455 1006 1531 vindictam
1019 1454 1128 1513 debere
1139 1454 1227 1512 reddi

210 1572 337 1631 poenam.

249 1653 286 1704 V.
305 1650 369 1718 184.
391 1651 568 1728 0117111911
584 1670 643 1707 non
660 1651 737 1705 dicet
747 1651 847 1720 idem]
860 1647 928 1706 Non
947 1647 1004 1706 hoe
1017 1646 1150 1726 praecipit
1163 1645 1227 1725 phi-

103 1763 107 1778 ·
210 1743 361 1822 losophia,
374 1757 407 1803 ut
420 1745 618 1824 rependantur
633 1744 718 1804 malis
729 1746 816 1803 vices.

248 1845 284 1900 V.
305 1843 370 1899 186.
386 1845 447 1917 Qui
454 1865 491 1920 p.
508 1843 565 1922 an]
578 1847 710 1902 Socrates
723 1842 917 1922 philosophus
934 1842 1136 1912 Atheniensis,
1152 1843 1221 1899 cirm

208 1952 379 2018 argueretur
390 1940 577 2018 proditionis,
588 1953 723 2020 receptus
736 1953 779 1999 est
793 1941 824 1998 in
835 1961 948 2000 carcere
960 1961 1029 1998 curn
1041 1950 1225 2010 accusatore,

140 2097 144 2108 ,
209 2037 262 2115 qui
276 2035 345 2098 ciam
356 2037 411 2096 sibi
425 2037 507 2096 daret
517 2059 681 2110 venenum,
695 2038 855 2097 accusatori
872 2039 983 2117 petenti
996 2037 1093 2096 noluit
1105 2036 1184 2094 dare.

249 2137 286 2192 V.
299 2135 362 2209 187.
373 2135 505 2192 Plurima
509 2137 613 2209 felin]
626 2135 821 2194 Generaliter:
833 2133 1015 2213 quicumque
1027 2133 1111 2200 felix,
1123 2131 1225 2202 idest,

210 2229 315 2290 doctus
326 2243 355 2290 et
368 2233 492 2312 sapiens.
511 2233 611 2292 Potior
626 2251 695 2311 ergo
709 2244 753 2290 est
767 2230 921 2310 sapientia,
934 2217 1023 2307 qu'anr
1037 2228 1167 2288 felicitas
1182 2229 1228 2286 Si-

209 2329 330 2408 quidem
344 2330 394 2388 illa
408 2331 550 2410 paulatim
562 2332 686 2402 amittit,
699 2331 761 2388 haec
776 2329 873 2388 statim
886 2341 1000 2408 purgat.

249 2429 286 2483 V.
303 2427 367 2482 188.
376 2430 473 2502 Atque
485 2448 510 2484 e.
523 2429 605 2484 exuit
614 2433 733 2497 omnen]
750 2426 904 2510 Sapientia.

249 2523 286 2578 V.
305 2521 370 2598 189.
389 2524 505 2598 Quippe
517 2525 639 2593 minuti]
651 2522 780 2580 Feminei
794 2522 876 2579 dicit.

247 2619 283 2674 V.
298 2635 362 2692 191.
373 2617 469 2712 Nempe
478 2620 572 2692 magis
578 2623 618 2692 9.]
627 2618 702 2690 Quia
711 2617 962 2702 rmcituranimns
971 2615 1057 2675 sextis
1066 2615 1223 2675 iracundia.

247 2715 283 2768 V.
297 2722 361 2788 194.
372 2714 457 2769 Mem
467 2713 555 2770 da'bet
565 2716 756 2785 attenuasse]
768 2713 804 2772 Id
813 2727 872 2787 est,
884 2715 1061 2775 conscientia
1071 2733 1123 2772 1111
1132 2715 1226 2792 poenis

178 2836 180 2840 ·
209 2821 239 2868 et
249 2808 419 2868 verberibus
434 2810 533 2870 aflicit.
896 2811 900 2826 '

248 2908 286 2963 V.
308 2926 373 2982 197.
389 2910 471 2981 Quas
488 2921 517 2965 et
530 2909 690 2980 certum]
707 2907 862 2967 Caeditium
879 2907 1009 2966 aulicum
1022 2907 1145 2967 Neronis
1157 2919 1226 2966 cru-

208 3001 391 3062 delissimum
404 3003 493 3063 fuisse
508 3005 573 3063 vult
588 3004 712 3083 intelligi
725 3005 889 3063 satellitem.
934 3055 938 3064 .
988 2999 990 3007 ἱ

249 3103 284 3156 V.
309 3117 374 3174 199.
396 3102 562 3176 Spartano]
584 3101 730 3159 Glaucum
750 3100 824 3158 dicit
843 3121 948 3179 genere
966 3104 1156 3179 Spartanum,
1172 3101 1226 3180 qui

98 3215 106 3232 ⁸
209 3193 353 3254 creditum
363 3195 436 3254 'lidei
452 3215 512 3254 suae
524 3197 695 3255 thesaurum
714 3217 730 3254 a
747 3197 863 3256 Milesio
884 3197 1032 3277 quodam,
1046 3210 1076 3258 et
1091 3209 1227 3278 repeten-

207 3293 287 3350 tibus
300 3291 380 3350 hanc·
390 3294 546 3370 pecuniam
560 3292 718 3352 heredibus
734 3293 803 3352 liliis
817 3296 950 3374 ejusdem
963 3295 1090 3364 Milesii,
1102 3294 1225 3354 reddere

206 3389 353 3448 dubitarit
371 3412 378 3447 :
400 3391 469 3448 cirm
488 3389 659 3470 Apollinem
674 3391 887 3464 consuluisset,
902 3392 975 3472 quid
996 3393 1052 3450 sibi
1070 3391 1224 3462 suaderet',

97 3499 98 3504 ’
206 3487 391 3546 fraudaretue
404 3488 533 3567 perjurio
550 3487 632 3566 quod
649 3488 693 3546 ad'
706 3501 919 3548 sacramentum
933 3502 1102 3559 vocaretur,
1114 3489 1226 3547 ansine

206 3583 660 3643 sacramento-fideicommissum.
669 3585 823 3644 redderet:
838 3587 978 3646 ouiD‘eus
988 3586 1155 3664 respondit,
1167 3605 1226 3662 911-

204 3699 257 3738 nas
278 3679 445 3738 soluturum
464 3680 521 3740 hoc
542 3682 624 3758 ipso,
640 3681 721 3759 quod
742 3681 888 3740 dubitarit
899 3682 1045 3742 creditum
1061 3683 1225 3750 restituere,

205 3781 274 3849 Quo
290 3795 431 3856 responso
450 3775 581 3836 Glaucus
600 3779 719 3837 territus
739 3780 853 3857 pararit
873 3796 904 3838 se
922 3780 996 3838 citra
1013 3791 1226 3840 sacramentum

83 3888 85 3895 ·
169 3874 171 3878 ’
205 3873 337 3935 reddere.
356 3877 425 3936 Haec
444 3874 571 3936 narratio
590 3875 691 3938 inVlI
710 3875 829 3936 historia
849 3876 993 3955 Herodoti
1010 3890 1063 3938 est.
1084 3875 1227 3938 Reddidit
