2930 4660
316 379 379 460 148
528 379 569 444 Η.
594 377 660 444 ΕΤ
686 373 1103 446 o.vnns810uttttt

314 504 447 562 refertur.
460 503 567 560 Mansit
577 503 655 562 euim
669 523 783 562 sacrum
796 504 896 576 Albae,
911 505 965 562 etsi
974 503 1035 578 jam
1045 506 1140 562 Roma
1150 499 1317 579 accepisset.

312 597 487 656 Scholiastes
499 609 582 655 vetus
594 596 636 655 ibi
649 597 706 655 ait:
721 589 869 657 Romanos
882 599 970 658 Tullo
982 618 1050 678 rege
1063 615 1180 657 movere
1195 617 1229 655 ea
1241 615 1320 654 sacra

209 748 212 758 ,
312 707 343 754 et
358 694 510 752 transferre
525 694 665 765 voluisse,
677 694 729 752 sed
747 714 879 773 magnam
896 695 1103 774 lapidationem
1117 694 1155 753 de
1171 693 1247 752 coelo
1261 693 1322 778 fac·

313 803 388 860 tam,
400 803 430 847 et
439 792 536 870 jussos
549 810 585 848 ex
597 789 679 847 libris
691 779 834 868 siliylliuis¹
845 783 997 870 pontifices
1010 783 1046 849 ex
1057 793 1088 849 S.
1101 791 1133 848 C.
1147 787 1225 848 sacra
1236 789 1320 848 alba

311 904 464 944 renovare:
477 887 545 941 inde
553 887 860 961 ibiperseverantiDeo
872 886 989 964 (malim
1000 906 1054 966 ego
1063 883 1152 962 Deoe)
1163 899 1192 942 et
1202 887 1319 941 Vestam

312 985 452 1039 minorem
466 983 537 1039 dicit
547 984 592 1038 od
603 983 847 1056 compositionem.
863 983 932 1040 Haec
953 994 1021 1040 suut
1039 983 1203 1060 interpretis
1215 981 1319 1038 veteris

312 1079 411 1138 verba.
432 1076 625 1156 Symmachus
645 1077 698 1135 lib.
721 1080 781 1146 xl,
799 1097 864 1155 cap.
889 1097 961 1146 sao,
976 1080 1111 1134 incestum
1125 1078 1319 1152 primogenio·

308 1177 395 1250 apud
406 1175 512 1230 Albam
527 1174 650 1229 Vestalis
666 1174 826 1242 Antt'stz'tit3
841 1191 901 1250 quo
920 1174 984 1250 ipso
1000 1183 1131 1250 tempore
1145 1184 1176 1230 et
1189 1175 1275 1228 Attoe
1287 1183 1318 1230 et

311 1275 413 1328 Romce
431 1269 485 1326 hos
504 1288 605 1327 omnes
625 1268 779 1346 paganicos
798 1268 895 1326 cultus
915 1267 1033 1326 sususlit
1052 1267 1236 1327 Theodosius
1250 1271 1317 1326 Ms-

307 1376 394 1444 guus.
412 1368 444 1423 C.

309 1492 343 1534 v.
365 1495 418 1558 77.
440 1471 594 1560 Pegasus,
607 1473 752 1536 aaronitae
761 1421 958 1558 positus
896 1467 993 1534 modo
1006 1465 1132 1532 vt'llicus
1146 1467 1255 1556 Urbi]

348 1591 384 1650 Id
396 1605 440 1650 est
448 1592 571 1670 ,paullo
585 1606 651 1652 aute
663 1589 753 1670 quim
768 1591 824 1650 hoc
837 1603 1001 1651 monstrum
1014 1601 1180 1669 caperetur,
1191 1593 1316 1670 Pegasus

306 1679 393 1748 datus
406 1701 466 1746 erat
480 1691 594 1746 villicus
604 1689 702 1766 potius
711 1684 800 1765 quim
808 1677 967 1763 praefectus
982 1689 1047 1744 urbi
1056 1689 1184 1746 attonitas
1197 1690 1320 1744 Antonii

310 1785 489 1860 desectione,
503 1785 555 1863 qui
569 1784 671 1862 paullo
686 1795 752 1862 post
765 1783 795 1840 in
809 1783 873 1861 ipso
888 1794 993 1840 conatu
1009 1800 1164 1861 oppressus
1178 1795 1231 1841 est.
1246 1785 1316 1842 llaec

308 1891 476 1939 uemo'ante
490 1877 610 1940 viderat.
624 1877 796 1939 Plutarchus
810 1879 841 1936 iu
854 1877 972 1936 Aemilii
982 1879 1061 1936 vita:
1077 1881 1117 1934 ὅτι
1132 1879 1178 1952 γὰρ
1195 1873 1314 1943 laedite:

308 1979 389 2038 ἀπίςη
406 1971 571 2047 sepserant,
583 1977 624 2032 asti
642 1976 717 2036 πολὺς
733 1979 839 2048 aalma:
855 1978 904 2032 itti
925 1979 1060 2049 Γιφμανίας
1079 1977 1141 2054 (ex
1160 1978 1315 2035 Germania

308 2071 474 2148 superiore,
493 2072 577 2149 cujus
594 2083 656 2130 erat
674 2075 795 2142 Praenes,
808 2070 887 2131 unde
909 2072 983 2131 forte
1002 2075 1101 2131 Cattos
1114 2084 1143 2130 et
1156 2075 1315 2131 Germanos

304 2165 445 2225 devicisse
463 2167 570 2226 dicitur
585 2169 769 2227 Domitianus
787 2170 819 2227 in
835 2170 970 2248 Epitome
980 2169 1122 2246 Victoris)
1133 2167 1313 2242 septendecim,

306 2265 351 2322 tis
360 2250 447 2334 iotam
461 2265 644 2334 ταραττομένην
657 2263 768 2341 (Romi
775 2262 969 2334 consternati,
979 2265 1114 2334 aconito,
1125 2274 1159 2320 ut
1166 2264 1315 2322 luvenalis

306 2358 408 2434 vocat)
431 2361 497 2431 ἄφνω
515 2361 557 2416 καὶ
576 2361 722 2434 insepultae
743 2365 754 2416 i
774 2357 853 2433 dipsas
876 2362 900 2424 ἐξ
920 2362 993 2414 ἄντοῦ
1010 2360 1089 2432 φήμην
1108 2356 1217 2414 isidem
1237 2362 1312 2422 νίκης.

304 2455 341 2510 Et
355 2453 455 2532 paullo
468 2467 551 2532 post,
565 2460 717 2528 πορευομένῳ
731 2452 760 2508 dl
779 2463 814 2532 φῷ
831 2465 970 2529 deputasti?
985 2457 1050 2528 μιτὰ
1064 2453 1193 2528 dissipasse
1212 2457 1253 2510 inl
1270 2460 1311 2511 ris

304 2555 424 2628 πόλεμον,
436 2553 485 2616 sidu
497 2565 551 2610 καθ’
562 2554 617 2612 ldis
631 2561 733 2630 ἀγγελία.
745 2561 786 2614 καὶ
798 2562 936 2634 γράμματα
951 2561 1072 2634 φράζοντα
1091 2565 1133 2620 τὴν
1150 2563 1217 2620 tutin
1233 2564 1312 2620 arm-

305 2673 388 2709 τνιιν·
402 2656 429 2708 A
441 2653 579 2708 Norbano
593 2655 689 2728 Appio
707 2654 815 2712 scilicet
835 2675 904 2712 cum
925 2668 987 2716 toto
1007 2659 1135 2717 exercitu
1148 2678 1239 2738 caesus
1253 2671 1311 2730 est,

305 2745 374 2805 eiam
388 2745 450 2825 ipsi
464 2745 657 2824 dimicationis
674 2747 745 2806 hori
765 2750 912 2808 resolutus
930 2755 1059 2830 repente'
1070 2754 1190 2812 Rhenus
1206 2756 1311 2812 transi·-

292 2857 384 2916 ,turas
395 2843 433 2901 ad
446 2844 608 2901 Antonium
621 2843 814 2904 barbarorum
830 2848 929 2925 copias
945 2847 1116 2908 inhibuisset
1131 2851 1180 2928 (id
1193 2864 1253 2923 est,
1266 2851 1313 2910 si:

304 2940 508 3009 cumbrorum,
522 2942 751 3018 Germanorum)
766 2961 802 3000 ex
820 2943 960 3001 Suetonio
974 2956 1004 3002 et
1018 2945 1150 3024 Epitome
1162 2947 1287 3006 Victoris
1301 2970 1310 3005 t

301 3049 332 3094 at
349 3056 385 3094 ex
402 3037 496 3094 Dione
515 3056 532 3093 a
549 3037 638 3092 Lucio
652 3039 786 3094 Maximo
801 3038 895 3097 victus
912 3050 942 3097 et
960 3053 1063 3120 captus
1077 3046 1166 3112 est,i
1188 3035 1308 3106 Ᾰντώνιις

303 3134 326 3184 ἐν
339 3132 462 3201 repperis
479 3131 567 3201 ἅρχων·
583 3132 636 3188 Hic
648 3145 746 3192 autem
760 3136 915 3193 Norbanus
928 3136 1016 3194 Dioni
1030 3137 1137 3196 dicitur
1148 3138 1279 3211 Νωφὸιινὸς
1295 3144 1309 3194 ὁ

303 3233 424 3300 ἔπαρχος,
439 3227 471 3284 id
484 3239 544 3295 est,
556 3227 711 3286 Praefeotus
725 3228 878 3298 Praetorio,
891 3233 1025 3290 conscius
1039 3232 1126 3290 caedis
1139 3236 1307 3294 Domitiani.

302 3327 356 3388 llic
367 3323 667 3382 AntoniusSicambris
676 3325 836 3382 Gemmnias
845 3327 962 3406 populis
971 3329 1074 3387 Rheno
1083 3330 1184 3388 vicinis
1192 3332 1310 3412 videtur

301 3427 347 3488 uti
361 3423 504 3494 voluisse3
519 3421 570 3480 sed
585 3422 679 3480 Rheni
696 3422 881 3483 incrementis
900 3425 1040 3505 impedita
1058 3440 1101 3486 est
1116 3427 1222 3487 virium
1238 3450 1310 3488 cou-

298 3522 430 3604 junctio‚
446 3541 482 3578 ex
495 3519 652 3588 Suetonio,
667 3538 735 3576 cum
755 3520 864 3598 quihus
883 3541 943 3581 uon
963 3523 1068 3582 dubito
1087 3543 1189 3602 pacem
1207 3539 1308 3603 postea

301 3619 405 3678 iactam
420 3634 500 3685 εννε;
492 3612 593 3669 ·unde
613 3612 768 3685 Martialis,
783 3613 836 3672 lib.
849 3618 863 3672 1
873 3617 988 3696 ,epign
1007 3621 1042 3690 3,
1056 3621 1182 3678 Romam
1195 3621 1307 3680 venisse

301 3715 341 3773 ait
353 3713 513 3770 Sicambros
526 3708 563 3766 ad
576 3709 786 3786 spectaculaz.

475 3805 611 3858 Crimisus
603 3821 632 3854 ιιι
644 3807 739 3856 nodum
751 3808 825 3858 tortis
837 3811 927 3860 tenire
940 3811 1065 3864 Sr'cambri.

300 3903 338 3964 Et
350 3895 517 3961 iuvenalis
509 3915 540 3952 ιιι
552 3894 608 3951 fine
622 3893 710 3974 hujus
724 3895 816 3953 satirae
824 3917 834 3968 ;
928 3941 931 3946 ,

477 3981 1310 4071 ιιιιιιιιιισενι(ιιιινυασν)ιιιῃιῳοηιηιινιωννν
