2924 4662
290 329 352 400 302
445 357 447 361 ·
493 329 1064 398 VETT.COMMENTAR11

327 456 363 509 V.
383 453 430 521 64.
453 455 492 510 Ut
502 456 674 530 Polyphemi
689 459 749 513 lata
767 459 864 526 actm]
883 455 994 514 Unicus
1007 451 1113 514 oculu!
1126 448 1282 529 Cyclopis,

287 568 375 628 quem
386 547 502 624 Ulysses
516 551 676 610 excaecavit.

325 647 361 700 V.
371 643 419 700 66.
431 645 694 722 Ambopascendi.]
706 645 741 704 ld
753 657 810 716 est,
819 644 886 705 ideo
897 657 981 725 peto,
991 644 1061 724 qnia
1069 659 1175 722 pueros
1183 659 1284 720 pasco,

286 749 317 796 et
328 738 429 797 vestio.
504 797 507 806 ,

324 839 360 892 V.
375 837 422 908 67.
438 839 546 894 Bruma
560 825 706 914 mirante]
720 838 840 916 Hyemis
855 852 1004 917 tenpore,
1016 833 1086 896 cim
1103 846 1208 916 petunt
1220 834 1282 894 cal·

285 931 412 992 mnium
420 967 434 1002 ,Δ
442 933 515 1010 quid
529 933 643 994 dimin?

323 1030 361 1084 V.
379 1028 427 1104 69.
440 1032 530 1106 Ειιρ.
544 1032 682 1116 creada]
698 1023 848 1090 tosticum
860 1038 985 1107 tempnd

322 1136 357 1190 V.
374 1153 421 1206 7ο.
438 1137 557 1205 Verum,
575 1148 608 1191 nt
620 1137 687 1194 diss.
703 1137 824 1205 omitt]
837 1135 987 1213 Negligm,
1000 1132 1136 1192 dimittas.

323 1239 360 1294 V.
380 1257 426 1311 7¹·
448 1241 535 1312 Quod
553 1244 586 1298 ιιι·
602 1243 653 1298 eibi
670 1241 782 1297 deditus
802 1244 914 1309 essem]
935 1238 971 1295 Id
989 1251 1048 1308 est,
1061 1238 1118 1300 nisi
1134 1237 1188 1296 tibi
1203 1238 1281 1300 omni

283 1331 381 1392 animo
392 1333 514 1393 &votus
524 1335 659 1406 fuissem,
670 1355 792 1394 nxomm
804 1347 884 1393 tuam
897 1353 956 1392 non
970 1333 1201 1412 devirgimssem.

324 1441 359 1495 V.
373 1447 420 1512 74.
434 1443 598 1515 Fugientem
613 1461 638 1498 s.
645 1446 693 1516 p.]
706 1439 860 1498 Valentem
871 1439 1005 1498 recedere
1018 1438 1055 1496 de
1068 1438 1157 1498 domo
1168 1451 1229 1496 tna.

321 1543 358 1599 V.
380 1543 428 1616 75.
447 1545 573 1601 Tabulas
591 1566 619 1620 q.
633 1533 661 1600 r.
679 1559 708 1600 et
718 1546 744 1615 j.
763 1543 916 1622 sigradae]
939 1543 1055 1602 Dotales
1073 1543 1186 1601 tabulas
1205 1545 1281 1602 fran-

273 1650 411 1720 gentem,
420 1652 450 1696 et
461 1641 616 1717 nepudium
628 1641 773 1698 volentem
786 1640 839 1698 tibi
849 1641 932 1710 dare,
944 1653 973 1698 et
983 1642 1141 1718 signantem
1152 1641 1278 1712 tabulas,

283 1734 342 1792 sive
356 1733 405 1791 alii
417 1746 451 1790 nt
464 1735 571 1805 nnbat,
585 1736 643 1793 sive
655 1748 688 1792 nt
699 1736 790 1792 aliurn
801 1737 906 1794 faceret
916 1737 1070 1809 heredem,
1082 1738 1183 1815 saepins
1193 1757 1280 1796 revo-

283 1829 362 1900 cavi,
376 1825 523 1889 dormiens
536 1849 605 1889 cnm
618 1851 668 1900 ea,
683 1832 866 1890 satisfaciens.

320 1936 356 1990 V.
370 1935 416 2008 78.
428 1937 479 1991 Ad
489 1955 573 2011 quem
581 1940 713 2011 pervenit
724 1939 744 1993 l.
756 1959 779 1994 s.
796 1951 827 1994 et
835 1939 963 1996 dommus
977 1939 1059 2018 nom]
1076 1941 1111 1996 In
1127 1939 1204 1996 coitu
1218 1957 1282 2001 nott

282 2030 417 2101 tacentis,
435 2032 516 2110 quod
533 2033 615 2111 virgo
632 2044 710 2091 erat:
726 2045 761 2091 ut
779 2034 816 2091 sit
836 2035 930 2092 mariti
952 2037 1044 2114 major
1060 2035 1195 2094 infamia:
1212 2046 1279 2106 ant,

280 2119 350 2182 cium
362 2126 502 2205 virginem
513 2128 652 2186 imitatur.

317 2235 354 2289 V.
371 2253 417 2310 79.
432 2234 593 2313 laetabile]
611 2235 787 2294 Exclamatio
802 2248 855 2294 est.

317 2340 354 2393 V.
371 2339 419 2396 8ι.
437 2342 501 2414 Quo
513 2354 540 2398 te
555 2342 752 2422 curcumagas]
771 2347 838 2416 Quo
858 2355 887 2402 te
900 2355 993 2402 vertas
1009 2342 1047 2402 ad
1065 2341 1127 2404 haec
1140 2362 1206 2422 quae
1219 2342 1278 2400 dic-

279 2445 363 2490 turus
378 2445 429 2491 est.

315 2531 352 2586 V.
364 2529 410 2596 ⁸4·
425 2532 511 2586 Tollit
525 2533 618 2601 enain,
633 2544 663 2588 et
674 2533 750 2588 libris
760 2533 909 2612 actorum]
921 2534 1020 2594 Nutris
1032 2555 1039 2591 :
1053 2545 1098 2605 et,
1110 2534 1186 2590 lrirn‘s
1199 2545 1277 2590 aeto-

277 2644 340 2680 rum
345 2667 355 2694 ,
369 2637 488 2702 propter
499 2626 706 2702 professionem
718 2648 725 2682 ε
739 2627 862 2699 scilicet,
874 2629 943 2707 ¹qnia
953 2630 1031 2709 apud
1042 2631 1175 2690 aerarium
1184 2639 1277 2708 patres

276 2729 412 2776 natorum
426 2719 631 2780 deferebantur
644 2722 781 2780 filiorum.
794 2723 850 2782 Vel
864 2725 1017 2784 nominum
1032 2727 1164 2785 notitiem
1177 2724 1278 2785 devul-

276 2831 343 2890 gare
358 2815 566 2876 contestatione
580 2816 706 2894 publica.

313 2922 349 2975 V.
366 2921 413 2977 86.
430 2924 518 2996 Quod
516 2923 619 2996 samse
633 2944 700 2999 opp.
693 2929 814 3002 .possis.
815 2925 827 3004 ]
838 2927 882 2984 Ne
896 2925 1000 2989 dicaris
1013 2927 1149 2986 cinaedus.

312 3016 348 3070 V.
365 3015 411 3087 87
426 3020 639 3093 Juraparentte
652 3019 762 3096 haben]
776 3021 844 3077 Haec
863 3021 960 3080 omnia
976 3021 1040 3080 ad
1026 3042 1077 3102 Jns
1095 3021 1177 3080 civile
1190 3026 1276 3100 poete

274 3110 392 3166 retulit:
408 3110 439 3168 id
453 3125 510 3183 est,
524 3133 589 3172 meo
609 3113 708 3171 labore
726 3115 814 3176 habes
833 3116 924 3189 filios,
939 3130 969 3176 ct
986 3119 1118 3178 scriberis
1134 3119 1232 3191 heres,
1246 3129 1278 3178 et

273 3224 333 3263 non
347 3208 452 3283 pateris
466 3227 565 3285 peenas
579 3207 719 3268 orbitatis.

314 3313 351 3367 V.
361 3331 409 3387 90.
418 3312 451 3368 Sr
457 3331 622 3384 numerum,
636 3335 660 3370 ιι
658 3315 746 3395 trec]
760 3316 790 3374 Si
803 3328 861 3376 tres
875 3317 950 3402 filios
960 3319 1064 3378 fecero.
1074 3324 1147 3380 Nam
1158 3339 1176 3377 a
1186 3319 1278 3378 tutela

148 3416 150 3420 ·
275 3418 413 3464 excusant
428 3405 529 3477 liberi,
542 3408 615 3468 etin
628 3408 754 3472 fascibus
768 3413 916 3482 sumendis
927 3415 1079 3494 priorem,
1095 3416 1147 3496 qui
1162 3426 1277 3494 praestat

240 3535 249 3552 .
272 3517 396 3559 numero
410 3501 547 3562 filiorum.

311 3598 409 3672 V9a.
424 3601 551 3676 Negligit
559 3613 647 3680 atque
661 3604 776 3684 now]
791 3609 858 3666 Non
873 3620 970 3680 curat,
986 3606 1141 3669 sedulium
1155 3608 1275 3687 quaerit,

272 3691 325 3768 qni
338 3711 406 3749 eum
417 3707 592 3776 corrumpat.

306 3787 407 3954 Vdigii.
399 3790 494 3846 .Hoec
506 3790 580 3870 soli]
598 3792 735 3854 Naevolus
747 3794 840 3854 amico
855 3795 941 3872 dicit,
954 3796 1007 3858 tibi
1023 3798 1078 3858 soli
1091 3798 1153 3860 haec
1166 3811 1276 3862 secreta

264 3897 322 3940 -cre
