2930 4660
280 363 345 440 3¹26
493 365 619 440 HET
641 369 1061 440 C.VALESIORUM

278 495 351 575 quid
365 496 443 556 dieat
457 497 607 569 bubulus,
623 499 675 576 qui
695 511 725 555 et
742 481 854 554 caballus
872 497 931 575 legi
944 489 1028 576 posse
1041 495 1096 564 ait,
1106 513 1204 574 muge.
1220 497 1285 574 Ego

277 595 344 672 lego
361 596 494 653 omnium
512 597 624 675 primus
641 597 799 666 veneratus,
817 613 883 674 pars
902 613 958 674 pro
976 605 1059 666 toto,
1072 593 1104 652 id
1120 605 1179 665 est,
1193 595 1284 664 vetet,

278 693 399 771 optime.
414 693 461 751 Sic
475 693 544 752 alibi
557 691 655 752 idem:

454 813 586 859 servom
595 819 694 856 ventres
702 807 787 858 modio
799 809 899 874 cutigat
912 808 1010 874 iniquo.

279 919 316 978 Id
328 893 371 978 esi
378 962 386 991 ‚
399 939 500 977 servos.
512 922 604 991 Item,
619 917 703 978 satiri
716 917 835 998 quarti:

453 1053 569 1126 blontaui
580 1069 681 1118 quoque
690 1065 779 1102 uenter
786 1052 854 1102 adest
863 1051 996 1110 abdomine
1007 1051 1099 1100 turdus.

278 1141 314 1231 Icl
327 1185 385 1245 est,
399 1147 557 1234 Montanus
571 1186 732 1234 ventrosus.
747 1175 794 1233 Sic
809 1147 947 1254 quoque:

452 1307 537 1355 Viuite
547 1308 679 1365 lurcones,
690 1307 851 1367 conciones,
859 1308 937 1355 vivite
947 1319 1051 1355 ventres.

278 1426 314 1484 Id
330 1439 389 1498 est,
405 1426 538 1486 homines
552 1427 666 1506 gulosi,
681 1431 778 1488 ventri
793 1427 884 1489 dediti
900 1450 906 1486 :
922 1440 951 1486 et
968 1430 1065 1490 Cretes
1080 1427 1155 1506 pigri
1171 1439 1287 1488 ventres

279 1513 367 1616 ‘imi’
382 1525 482 1597 γάςερες
498 1525 579 1599 ἀργαὶ.
593 1527 680 1582 Error
695 1537 779 1581 natus
799 1544 835 1581 ex
855 1523 1005 1601 scripturae
1022 1521 1197 1600 compendio
1205 1523 1261 1620 ¹tali
1275 1543 1284 1580 ε

277 1622 391 1678 utn'bus.
412 1621 450 1676 Η.

278 1791 307 1864 v.
321 1791 391 1832 110.
399 1769 495 1864 Nunc
503 1783 590 1833 totus
597 1769 718 1849 Graias,
725 1783 910 1856 nostrasque
916 1767 1014 1834 habet
1022 1769 1110 1834 orbis
1117 1768 1283 1856 Athenas]

290 1885 293 1892 .
319 1910 489 1990 Legendum
503 1911 574 1970 olim
588 1909 746 1991 putabam:

454 2029 529 2076 Nunc
539 2037 606 2075 totus
617 2028 718 2086 Graios,
730 2038 847 2090 notasque
855 2025 932 2074 babet
941 2025 1008 2076 orbis
1016 2026 1133 2076 Atheneo.

279 2131 315 2188 Id
327 2144 386 2202 est,
400 2135 531 2203 Graecos,
542 2133 771 2210 Graecorumque
782 2129 1014 2210 philosophiam,
1027 2143 1057 2190 et
1065 2129 1193 2192 Athenas
1201 2142 1286 2188 notae

278 2227 376 2297 babet.
397 2233 471 2288 Nam
491 2241 602 2288 norem
615 2227 757 2297 Athenae,
771 2247 825 2305 pro
846 2232 938 2286 Roma
956 2247 1016 2286 non
1033 2227 1173 2306 placebat.
1189 2231 1228 2286 At
1240 2226 1285 2284 nil
1324 2233 1332 2240 ”

278 2329 487 2384 mutu.Semus
497 2323 689 2383 enimbicest.
698 2327 828 2384 Graecam
836 2324 1285 2402 etLatinamlinguam,a1-tesque

279 2424 383 2494 discit,
402 2435 431 2481 et
452 2424 552 2482 Graias
567 2423 699 2479 ¹Athenas
721 2442 754 2480 ac
772 2435 900 2492 nostras,
912 2421 943 2479 id
961 2434 1022 2494 est,
1037 2425 1178 2491 Romam,
1193 2440 1285 2500 quam

280 2521 410 2576 Graecam
423 2517 528 2575 urbem
543 2517 611 2575 alibi
625 2530 724 2586 vocat,
737 2529 816 2575 totus
832 2517 910 2575 orbis
922 2521 1070 2576 Romanus
1085 2517 1222 2576 imitatur.
1245 2518 1284 2574 Η.

279 2688 312 2732 v.
335 2666 405 2730 126.
423 2663 495 2730 Heio
510 2666 600 2729 saevit
614 2667 701 2730 rabie
716 2665 847 2733 imbelle
864 2683 897 2734 et
911 2667 1026 2732 inutile
1040 2667 1187 2756 vulgum]

320 2817 395 2870 Gens
403 2815 501 2870 riaosa
510 2813 649 2874 dicuutur
656 2817 792 2892 Aegyptii
795 2815 974 2875 Tertulliano
984 2817 1020 2874 ad
1030 2817 1175 2886 Nationes,
1180 2813 1232 2873 lib.
1242 2817 1283 2872 11:

279 2913 346 2968 Δεινὴ
364 2913 400 2974 τίς
414 2915 429 2969 ἡ
448 2911 518 2983 παρὰ
530 2914 586 2974 τοὺς
601 2915 686 2985 lapsi<
707 2915 803 2986 ὠμότης
822 2916 932 2986 γίγνεται
949 2921 997 2966 τῶν
1016 2913 1086 2967 κατὰ
1098 2915 1141 2970 τὴν
1156 2905 1283 2984 limace

280 3009 472 3080 &eupoleonem
482 3009 637 3086 Polybius,
652 3009 704 3068 lib.
719 3013 785 3068 XV.
798 3012 934 3090 Aegyptii
949 3011 1021 3069 dum
1035 3007 1216 3080 sementim,
1229 3009 1289 3068 mi-

279 3101 388 3160 eumin
402 3103 524 3162 modum
541 3117 610 3162 sunt
628 3099 780 3163 crudeles:
797 3107 879 3184 quod
896 3127 965 3165 cum
983 3106 1047 3165 aliae
1061 3105 1204 3177 historiae,
1220 3118 1286 3163 mm

278 3197 326 3254 vel
339 3201 463 3258 maxime
474 3201 693 3273 Ecclesiasticae,
704 3215 734 3260 et
746 3201 808 3260 baec
818 3204 903 3260 satim
911 3203 1058 3262 luvenalis
1071 3203 1237 3263 ostendunt.
1249 3206 1285 3261 C.

280 3372 309 3413 v.
330 3352 391 3414 126
393 3399 614 3416 .......
639 3351 774 3418 Imbelle
790 3366 822 3417 et
838 3351 953 3418 inutile
968 3355 1083 3443 vulgus

420 3445 715 3534 Parvulafietilibus
732 3446 869 3518 solitum¹
879 3449 956 3518 dare
968 3449 1037 3513 vela
1042 3449 1199 3538 phaselis,

421 3543 463 3608 Et
477 3544 633 3616 brevibus
638 3549 736 3636 pictae
749 3547 845 3609 remis
862 3545 1050 3610 incumbere
1063 3545 1178 3634 testoe.]

321 3685 426 3740 restae
438 3687 574 3760 nava'giis,
590 3686 630 3742 ait
642 3698 725 3744 vetus
739 3686 881 3765 interpres
892 3685 1057 3758 luvenalis,
1072 3686 1104 3745 id
1118 3699 1181 3757 est,
1195 3697 1285 3744 testa-

275 3775 350 3848 ceis,
366 3779 513 3837 fictilibus.
529 3780 650 3838 Talibus
663 3782 741 3840 euim
755 3783 876 3864 navigiis
891 3783 922 3841 iu
934 3782 1003 3842 Nilo
1016 3793 1148 3842 utuntur.
1171 3784 1208 3842 Η.

276 3951 311 3992 v:
323 3951 395 4016 1²7·
410 3926 703 4028 Pareulufictalsltu
715 3931 848 3998 solitum
864 3929 940 4001 dere
951 3931 1021 3998 vela
1029 3929 1167 4020 phaselis
1174 3979 1184 4012 ‚
