2930 4660
358 325 535 430 'uorsa
557 323 965 430 susurramus.
1102 369 1171 451 aas.

297 482 339 553 Εῑ
354 482 508 549 brevlhus
517 486 616 570 picae
632 485 730 552 remis
744 485 933 554 incumbere
948 481 1065 573 aare]

188 600 362 710 'rugium
376 633 428 691 us.
444 635 485 691 1v
497 634 679 720 Georgicis:

288 779 291 786 ·
340 749 403 800 liam
415 766 464 814 qua
476 749 557 799 Pellaei
569 767 628 816 gens
640 751 767 798 fortunata
776 753 872 816 Canopi

340 831 440 880 Accolit
454 831 534 879 elinso
548 841 702 894 stagnantem
715 831 819 880 flumine
831 832 933 891 Nilum,

341 909 372 956 Et
385 909 543 974 circurnpictis
554 909 654 986 rehitnr
665 925 710 958 sua
720 926 778 958 rura
785 909 898 974 phaselis.

206 1011 320 1084 Quibus
329 1013 416 1087 pictis
422 1013 554 1088 phaselis
567 1031 618 1070 seu
632 1015 767 1069 naviculis
779 987 1002 1090 stagnante'Nilo
1011 1015 1170 1092 Aegyptios
1196 979 1197 982 Ἴ

60 1136 64 1162 r
165 1109 209 1170 uti
214 1109 260 1166 ‚ait
271 1108 388 1166 Servius
399 1108 620 1168 Grammaticus.
635 1112 746 1166 Neuter
758 1121 855 1168 tamen
860 1111 969 1183 fictiles
983 1110 1070 1168 luisse
1081 1110 1168 1182 dicit,

164 1217 199 1264 ut
207 1202 354 1262 iuvenalis
365 1204 444 1260 testis
456 1203 580 1261 ocularis
590 1201 637 1262 hie
648 1204 746 1262 refert.
757 1204 888 1262 Nereidi
898 1217 948 1264 aut
960 1205 1057 1264 audiri
1069 1223 1171 1284 quem·

165 1321 254 1379 quam
270 1299 439 1379 hujusmodi
456 1299 622 1360 lemborum
641 1301 817 1363 meminisse.
841 1303 884 1362 ux
902 1302 982 1364 corio
1000 1302 1120 1380 quidem
1138 1299 1172 1364 in

165 1399 282 1468 chano
302 1397 471 1467 Britannos,
490 1409 520 1455 et
534 1400 667 1468 ¹Saxones
686 1397 815 1476 aliosque
836 1417 906 1456 usos
926 1397 1067 1477 legimus3
1085 1411 1128 1470 et,
1144 1401 1169 1458 si

166 1493 239 1576 quid
247 1492 285 1552 ad
293 1513 353 1555 rem
363 1493 445 1565 iacit,
455 1495 630 1572 Procopium
639 1496 816 1554 mentionem
826 1495 920 1554 facere
930 1497 1009 1554 naves
1019 1497 1170 1568 cujusdam

164 1593 291 1666 lapideae
297 1633 308 1661 ,
322 1611 387 1668 quae
399 1595 479 1648 navis
490 1593 600 1648 Aeneoe
610 1594 711 1650 Romae
723 1591 877 1651 diceretur.
887 1595 931 1650 De
942 1592 1063 1671 picturis
1070 1604 1170 1652 autem

164 1687 281 1746 navium
294 1687 502 1765 Aegyptiarum
520 1706 580 1745 non
597 1687 690 1745 item:
706 1688 743 1746 de
759 1689 794 1745 iis
814 1688 879 1746 silet
894 1707 990 1746 nemo.
1010 1687 1170 1766 Apuleius,

163 1783 240 1842 libro
261 1784 366 1842 ultimo
388 1783 425 1841 de
446 1783 537 1842 Asino
557 1788 672 1854 Aureo,
693 1781 818 1861 loquens
838 1783 876 1842 de
898 1784 972 1843 festo
994 1783 1079 1844 Isidis
1101 1782 1170 1852 die,

164 1879 326 1959 magnique
336 1875 442 1959 pompi
453 1893 483 1940 et
494 1881 691 1950 solemnitate,
702 1901 759 1959 qua
768 1879 799 1938 iu
810 1881 920 1958 oppido
929 1879 1082 1939 Cenchreis
1091 1897 1170 1937 mare
1182 1883 1190 1896 ⁵

164 1987 235 2034 mne
254 1977 383 2053 primurn
401 1978 546 2055 aperitur,
565 1977 628 2036 haec
647 1977 688 2035 ait
707 1999 714 2034 ε
737 1977 931 2036 «simulacris
948 1977 1001 2034 rite
1023 1975 1170 2054 dispositis

166 2099 179 2124 ι
192 2071 340 2148 (Deorum
359 2071 389 2128 in
400 2061 468 2150 vripa
486 2073 603 2150 maris),
619 2093 723 2132 navem
742 2073 895 2130 faberrime
916 2073 1021 2130 factam
1031 2113 1040 2142 ,
1050 2074 1169 2146 picturis

166 2195 179 2220 α
192 2170 270 2224 miris
280 2171 483 2243 Aegyptiorum
495 2171 688 2228 circumsecus
704 2168 754 2246 (id
773 2180 832 2238 est,
847 2166 1061 2245 undequaque)
1076 2167 1169 2224 varie-¹

120 2274 123 2282 ’
167 2275 304 2342 «getam,
320 2282 451 2321 summus
468 2265 613 2337 sacerdos,
627 2265 701 2328 taedi
716 2263 834 2334 lucidi,
849 2277 878 2324 et
894 2281 966 2336 ovo,
982 2277 1012 2326 et
1029 2261 1171 2342 sulphure

167 2359 414 2418 «solemnissimus
427 2380 525 2438 preces
540 2361 575 2418 de
591 2375 667 2422 casto
681 2361 817 2442 praefatus
831 2382 897 2433 ore,
912 2359 1002 2440 quim
1015 2361 1169 2439 purissime

165 2457 370 2536 «purificatam
383 2459 452 2542 Deae
466 2457 571 2536 (Isidi)
585 2462 779 2540 nuncupavit,
793 2459 1030 2540 dedicavitque.»
1051 2460 1084 2516 C.

162 2605 289 2684 v.15l.
316 2655 323 2670 .
351 2656 359 2670 .
388 2656 395 2688 ,
422 2655 429 2670 .
456 2657 463 2670 .
491 2656 498 2671 .
528 2655 536 2672 .
562 2607 784 2676 'l'utosvicino
800 2612 1042 2676 lr'rnr'tesomnos

193 2693 195 2704 ¹
313 2701 359 2766 Ut
373 2703 486 2768 collata
501 2701 591 2768 daret
603 2703 748 2794 fiducia]

202 2863 246 2917 Ita
264 2859 401 2920 Pithoeus
425 2875 454 2920 et
475 2862 639 2942 Rigaltius:
657 2875 687 2920 at
706 2863 941 2944 Raphelengius,
964 2868 1079 2934 Emtae,
1100 2882 1167 2948 saue

165 2954 278 3014 melius.
302 2959 340 3014 H.

528 3079 802 3099 mmmm

217 3202 363 3258 NOTAE
386 3203 432 3260 Its
453 3204 660 3261 SATIRAM
680 3205 899 3262 nuel-Mam
921 3205 1117 3264 SEXTAM·
1156 3233 1159 3242 ·

164 3367 193 3410 v.
215 3347 265 3412 13.
284 3349 461 3412 Bardaicus
472 3347 572 3435 judex
589 3349 684 3414 datur
701 3351 769 3415 haec
786 3353 904 3440 punire
917 3349 1038 3418 volenti

288 3447 431 3530 Calceus,
445 3463 477 3512 et
490 3448 624 3538 grandes
638 3473 753 3540 magna
765 3451 806 3515 ad
819 3451 970 3554 subsellia
985 3474 1078 3515 surae.
1087 3445 1110 3540 J

200 3597 236 3655 ld
252 3611 312 3670 est,
326 3598 481 3658 Bardaicus
494 3589 608 3658 calceus
626 3599 711 3658 datur
721 3601 822 3678 judex.
839 3602 960 3662 Calceus
977 3621 1031 3682 pro
1045 3600 1165 3662 homine

157 3694 274 3776 judice,
287 3715 322 3754 ex
334 3697 423 3754 veteri
440 3694 611 3766 scholiaste,
624 3696 656 3754 id
674 3710 732 3768 est,
744 3717 799 3776 pro
817 3700 986 3758 centurione
1005 3699 1168 3758 militariter

162 3793 298 3853 calceato.
320 3796 356 3852 H.

161 3963 191 4009 v.
211 3965 262 4010 ao.
278 3944 360 4010 Tota
373 3943 487 4010 cohors
500 3958 606 4008 umen
622 3925 670 4010 est
682 3943 829 4028 inimica,
842 3965 1020 4033 omnesque
1030 3942 1166 4032 manipli
