2922 4672
355 371 968 442 uorsnlusuvaunsau.
1110 370 1170 461 ο,

162 505 292 571 aspecta,
302 514 363 554 non
370 495 461 566 adita,
470 515 525 554 nec
534 516 665 574 unquam
675 510 742 576 post
749 495 1070 575 armisRomanorum).
1081 501 1171 556 Arma

161 599 226 649 tum
239 593 417 668 promovisse
433 593 511 651 ultra
523 593 693 653 Hiberniam
709 595 834 654 Romani
852 615 890 654 ne
906 594 1083 672 sicquidem
1096 593 1171 652 bene

161 699 191 742 et
201 688 268 764 jure
280 688 414 746 Juvenali
428 688 578 759 dicentur,
592 689 674 767 qnod
688 701 753 748 tum
766 688 1072 794 circumnavigaverint
1083 688 1173 746 classe

161 783 353 853 Britanniam,
367 796 469 850 ortuo
487 783 577 843 officii
594 785 654 844 lul.
676 749 821 864 Agricolas
839 804 933 857 anno,
944 797 978 842 ut
995 784 1105 844 ibidem
1119 785 1172 840 Ta-

161 877 237 936 citus
247 879 363 950 scribit,
375 899 426 938 seu
439 893 520 940 sexto
532 901 610 938 anno
623 877 713 960 quim
725 901 846 958 praeesse
857 882 1001 940 exercitui
1007 879 1171 940 Britannico

161 988 288 1053 coeperat
307 975 458 1054 Agricola,
471 997 533 1055 quo
554 997 650 1050 anno,
665 990 732 1056 post
744 979 838 1036 victos
858 978 921 1036 acie
941 977 1173 1048 Caledonios„et

159 1071 276 1148 triginta
291 1072 382 1130 millia
396 1073 527 1132 bostium
540 1093 612 1132 caesa
621 1075 780 1152 ‚praefecto
802 1074 900 1133 classis
918 1072 1098 1133 circumvehi
1111 1073 1171 1131 Bri·

160 1168 288 1226 tanniam
302 1169 449 1246 precepit.
465 1172 546 1228 Datae
558 1169 597 1226 ad
609 1167 680 1228 id
653 1189 745 1240 vires,
759 1181 789 1228 et
802 1181 985 1266 precesserat
998 1181 1099 1228 terror.
1115 1170 1170 1226 Or

159 1263 244 1322 cadas
258 1275 354 1324 tamen
367 1266 476 1324 insulas
492 1267 608 1346 triginta
621 1285 745 1327 numero
761 1287 797 1326 ex
811 1247 890 1324 Mela
904 1279 934 1324 et
947 1264 1123 1336 Ptolemaeo,
1133 1283 1170 1322 ex

157 1361 259 1421 Selino
269 1363 345 1421 male
355 1376 428 1434 tres,
440 1384 457 1422 a
468 1364 592 1424 Claudio
603 1369 746 1443 Aug..an
738 1364 794 1422 de
805 1365 950 1424 Britannia
963 1363 1169 1442 triumphavit,

157 1461 294 1518 Romano
305 1459 456 1539 adjunctas
470 1463 593 1540 imperio
604 1463 647 1521 ait
660 1461 804 1520 Eusebius
817 1462 848 1520 in
859 1460 1013 1529 chronico,
1024 1471 1054 1518 et
1066 1461 1170 1518 Eutro-

158 1556 226 1633 pius
238 1555 284 1614 bis
295 1557 389 1615 verbis
401 1556 439 1615 de
453 1557 576 1622 Claudio
587 1562 664 1637 Aug.
679 1557 775 1618 insula
786 1555 932 1616 Britannici
943 1553 1056 1614 devicti
1067 1555 1169 1613 trium·

158 1653 252 1731 phuni
267 1654 413 1712 celebrem
430 1655 488 1734 egit
501 1673 515 1712 τ’
524 1656 664 1734 quasdam
678 1654 788 1714 ursulae
802 1655 890 1714 etiam
903 1652 980 1712 ultra
993 1651 1170 1710 Britanniam
1226 1721 1228 1726 Ι

157 1749 188 1806 in
203 1752 320 1810 Oceano
336 1752 444 1830 positas
463 1756 596 1812 Romano
614 1752 738 1830 imperio
757 1750 887 1820 addidit,
901 1769 968 1829 quae
986 1747 1170 1829 appellantur

159 1846 295 1907 Orcades.
312 1848 392 1907 Malo
404 1861 501 1908 tamen
516 1850 650 1907 Tacitum
664 1849 763 1927 sequi,
778 1860 808 1906 et
821 1846 1007 1917 Juvemlem,
1021 1845 1075 1925 qui
1087 1843 1146 1904 ait:
1180 1886 1182 1896 .

335 1999 544 2014 .........
563 1991 570 2012 ·.
588 1999 595 2012 .
612 1945 648 2032 0
667 1999 673 2014 .
691 1966 722 2014 Et
731 1965 808 2015 modo
820 1974 904 2032 captas

334 2045 450 2094 Orcadas.

157 2146 307 2206 Scribebat
317 2159 415 2207 autem
424 2149 539 2228 Trajani
550 2149 726 2228 principatu.
736 2149 862 2208 Videtur
872 2169 941 2228 ergo
952 2149 1097 2228 scripsisse
1106 2149 1168 2208 haec

156 2243 304 2300 luvenalis
322 2265 356 2302 eo
376 2245 440 2324 ipso
461 2258 610 2322 tempore,
627 2267 688 2324 quo
708 2245 845 2323 Agricola
863 2246 894 2302 in
916 2245 1062 2304 Britannia
1076 2259 1170 2304 tantas

155 2357 203 2406 res
214 2339 345 2418 gerebat,
356 2353 385 2400 et
398 2362 414 2398 a
428 2342 538 2400 nuntiis
552 2342 650 2400 omnia
663 2341 871 2400 extollentibus
884 2343 915 2399 in
926 2342 1020 2419 majus
1028 2341 1169 2419 deceptus

155 2455 235 2506 esse,
249 2437 301 2514 qui
313 2438 488 2497 Britanniam
510 2459 629 2498 omnem
649 2439 808 2508 domitam,
823 2437 906 2517 qubd
919 2439 951 2496 in
965 2450 1092 2496 extrema
1105 2440 1169 2517 ejus

155 2545 237 2611 parte
252 2533 424 2597 Caledonios
440 2535 616 2608 vicisset,'et
634 2535 747 2594 nullam
766 2535 920 2594 Britannias
936 2553 1043 2594 novam
1056 2547 1170 2612 partem

155 2629 339 2690 illucessitam
352 2633 510 2694 trartsiisset
523 2631 677 2712 Agricola,
691 2633 872 2705 referebant;
885 2633 922 2691 ab
935 2631 1101 2711 eodemque
1113 2631 1170 2692 do-

156 2728 257 2786 mitam
268 2728 453 2800 Hiberniam,
467 2731 549 2808 qubd
560 2743 673 2808 partem
689 2730 841 2790 Britanniae
855 2731 883 2789 ei
897 2730 1063 2809 oppositam
1076 2731 1169 2808 copiis

155 2824 336 2882 instruxisset
349 2824 485 2904 Agricola
505 2827 536 2884 in
556 2846 638 2904 spem
655 2826 747 2906 magis
765 2842 800 2884 eo
818 2826 988 2884 nanseundi
1002 2844 1071 2884 cum
1086 2845 1169 2884 exer-

155 2920 233 2992 citu,
248 2918 395 3000 qudm'ob
413 2922 599 2982 formidinem
619 2923 819 2982 barbarorum.
837 2923 919 2980 Idem
935 2935 999 2980 tum
1013 2922 1169 3002 expulsum

155 3017 296 3076 seditione
305 3017 464 3078 domestici
473 3039 566 3077 unum
579 3039 614 3077 ex
623 3017 731 3097 regulis
740 3018 833 3097 gentis
844 3030 1012 3096 exceperat,
1025 3037 1059 3076 ac
1072 3020 1168 3096 specie

157 3113 290 3175 amicitie
306 3115 354 3204 (iu
368 3116 549 3174 occasionem
566 3114 728 3196 trajiciendi
746 3135 781 3174 eo
798 3114 995 3194 quandoque)
1007 3114 1169 3186 ¹retinebat,

155 3223 191 3267 ut
203 3212 292 3270 refert
305 3213 423 3270 Tacitus
437 3213 467 3272 in
480 3213 556 3271 libro
571 3214 679 3283 citato,
693 3212 745 3290 qui
760 3225 790 3270 et
804 3212 842 3268 ab
856 3232 892 3270 eo
905 3210 1031 3270 Orcadas
1046 3211 1170 3269 domitas

156 3307 279 3377 indicat,
293 3328 345 3366 seu
354 3309 462 3388 abejus
474 3311 580 3382 classe,
593 3322 622 3368 et
631 3313 750 3368 Monam
763 3308 903 3378 insulam,
914 3328 1004 3386 quam
1013 3308 1171 3368 Suetonius

155 3403 305 3462 Paullinus
325 3415 502 3476 tentaverat,
525 3407 620 3483 primo
644 3407 706 3484 ejus
727 3405 758 3462 in
781 3403 960 3465 Britanniam
984 3401 1110 3461 adventu
1132 3403 1173 3460 ad·

154 3518 256 3577 pacem
266 3512 296 3557 et
303 3499 484 3560 deditionem
493 3501 649 3560 redactam.
661 3504 696 3558 In
706 3500 851 3560 Britannia
858 3499 1051 3576 Vespasianus
1060 3498 1172 3576 legatus

153 3595 277 3674 legionis
295 3597 419 3654 Claudio
438 3597 570 3676 principe
591 3596 665 3655 duas
679 3595 788 3654 validas
809 3606 925 3673 gentes,
938 3593 1041 3672 viginti
1059 3594 1170 3672 oppida

148 3705 183 3751 οι
193 3693 319 3751 insulam
331 3697 452 3754 Vectem
464 3693 616 3751 Britanniae
630 3693 795 3772 proximam
808 3693 839 3750 in
852 3691 1032 3750 deditionem
1042 3691 1172 3770 redegit,

154 3803 188 3848 ut
203 3791 243 3848 ait
256 3785 434 3862 Suetonius,
449 3802 478 3850 et
492 3790 650 3868 Eutropius
671 3789 724 3846 lib.
740 3789 797 3846 VII
818 3807 854 3846 ex
872 3787 1031 3857 Suetonio,
1048 3787 1174 3848 insulam

152 3889 294 3976 Vectem,
308 3899 342 3946 ut
355 3886 552 3945 Antoninus
543 3907 575 3944 ιιι
595 3885 764 3956 Itinerario,
777 3904 895 3943 vocans.
911 3884 1004 3964 Igitur
1017 3884 1172 3944 Britanniae

150 3969 265 4045 tantum
280 4006 363 4066 pars,
377 3987 476 4066 major
489 3997 586 4045 tamen
604 3995 633 4044 et
651 3981 771 4054 melior,
788 3979 934 4058 Orcades,
949 3985 1057 4053 Mona,
1070 3983 1170 4044 Vectis
1184 3979 1189 3992 “
