2868 4658
277 365 340 488 3244
493 405 1046 484 vnuucouusurruu
1095 415 1098 425 ·

310 535 347 588 V.
363 528 430 589 251.
444 534 514 588 Iam
529 543 642 606 torquet
644 531 800 602 juvenem]
813 530 940 587 Odiosus
953 543 996 588 est
1007 529 1078 586 filio.

312 627 388 687 lhid.
415 630 533 685 Cervina
551 633 710 696 reuectus]
731 631 812 698 Quos
827 641 925 705 vusque
946 626 984 684 ad
1006 636 1168 703 nongentos
1187 641 1280 682 annos

272 724 685 803 viveredicunt.Longivivax.
1280 787 1285 798 ⁸

310 824 346 878 V.
363 821 431 877 252.
454 821 539 876 Ocius
551 819 763 894 Archr'geuem.]
776 819 934 877 Medicum.
950 821 1025 876 Nam
1044 829 1126 896 pater
1142 817 1195 894 quui
1208 835 1277 895 pen

271 917 416 976 niciosum
428 915 522 972 filium
531 913 633 984 habet,
644 933 726 991 aeque
738 913 826 972 debet
836 914 937 972 timere
947 913 1034 971 saluti
1045 933 1117 985 suae3
1129 913 1204 970 sieut
1215 932 1276 970 rex.

311 1016 348 1069 V.
368 1013 435 1070 253.
452 1013 486 1068 Si
501 1013 546 1068 vir
563 1013 604 1068 al.
624 1012 654 1067 d.
664 1010 781 1084 fic.]1d
798 1021 859 1080 est,
873 1009 1054 1082 antidotum,
1069 1009 1151 1089 quod
1164 1028 1277 1067 veneno

271 1110 375 1180 obstet.
1104 1153 1109 1160 .

309 1209 346 1262 V.
364 1204 430 1261 256.
449 1205 581 1261 Monstro
598 1207 802 1278 voluptatem]
820 1201 907 1258 Nulla
927 1200 1105 1260 theatrarihi
1119 1201 1207 1258 talem
1219 1216 1281 1282 vo-¹

269 1303 412 1378 luptatem
426 1300 555 1370 dabunt,
569 1299 681 1358 nullam
694 1297 909 1376 promotionem
927 1297 1008 1358 dabit
1023 1297 1178 1374 cuiquam,
1192 1297 1274 1376 quod

269 1400 391 1476 accipiet
402 1397 450 1456 hic
463 1397 500 1458 de
514 1409 565 1454 tua
578 1396 711 1475 pecunia.

307 1499 351 1553 V>
362 1494 428 1553 258.
444 1496 635 1564 Duce-sinim]
648 1492 793 1550 Periculo.
864 1567 868 1574 ι

306 1596 343 1650 V.
359 1593 426 1649 262.
439 1594 558 1661 Fuscus]
572 1590 698 1647 Pecunia
713 1587 829 1648 sacculi.

307 1685 383 1744 Ibid.
396 1687 488 1742 Etad
498 1705 529 1741 v.
534 1707 571 1759 p.
589 1686 708 1741 Castora
721 1689 763 1753 2.]
775 1683 822 1740 Ad
835 1682 978 1759 templum
990 1683 1123 1740 Castoris.

305 1785 342 1837 V.
359 1781 426 1837 261.
441 1783 489 1836 Ex
500 1797 557 1854 quo
567 1781 649 1836 Mars
663 1781 756 1848 ultan]
770 1780 813 1834 Ex
826 1776 879 1834 illo
891 1778 1045 1854 pecuniam
1058 1789 1151 1848 amat,
1166 1797 1202 1835 ex
1212 1797 1273 1856 quo

266 1882 345 1938 Mars
355 1896 372 1932 a
384 1874 499 1932 furibus
507 1873 648 1954 spoliatus
660 1886 712 1932 est.
722 1876 815 1932 Antea
826 1872 958 1931 solebant
967 1893 1046 1931 arras
1055 1885 1153 1931 aeratas
1162 1875 1272 1946 facere,

267 1986 297 2031 et
315 1971 357 2030 ihi
375 1971 489 2030 mittere
508 1955 663 2048 peruium
678 1989 760 2026 suam
775 1981 936 2040 senatores,
948 1981 977 2026 et
991 1970 1031 2028 sic
1048 1970 1079 2026 in
1094 1954 1158 2029 loro
1172 1971 1274 2028 Martis

267 2090 384 2150 ponere.
397 2073 509 2126 Verum
522 2080 704 2147 pernoctem
719 2087 737 2124 a
752 2066 866 2124 furibus
880 2065 1045 2145 exspoliate
1059 2079 1127 2123 sunt
1141 2085 1230 2138 arcae,
1243 2080 1275 2125 et

267 2178 419 2246 coeperunt
432 2185 469 2223 ex
482 2185 518 2224 eo
530 2165 567 2222 ad
582 2163 725 2242 templum
741 2163 866 2222 Castoris
879 2181 996 2242 ponere.
1010 2160 1082 2220 Ideo
1096 2161 1183 2233 dicit,
1195 2165 1273 2220 Mars

266 2263 347 2320 ultor
360 2261 470 2340 galeam
484 2259 620 2338 perdidit.
783 2317 787 2328 ,
1269 2307 1271 2317 ,

306 2362 343 2416 V.
357 2359 424 2414 262.
439 2358 547 2414 Omnia
556 2359 602 2412 FI.
613 2367 643 2412 er
656 2357 731 2433 Ceu]
741 2353 841 2412 Ludos
853 2351 1019 2425 theatrales,
1030 2354 1121 2432 quiin
1130 2353 1270 2414 honorem

265 2458 395 2513 Dearum
409 2451 592 2510 exhibentur.

305 2555 341 2608 V.
363 2548 429 2617 264.
455 2551 547 2604 Tamo
566 2549 708 2618 majores]
732 2549 854 2626 Negotia
871 2547 1025 2608 hominum
1044 2549 1167 2627 majores
1183 2547 1272 2606 ludos

265 2647 388 2713 hubent,
401 2639 490 2720 quam
501 2643 596 2700 votiva
610 2641 786 2702 solemnitas.

305 2745 341 2798 V.
357 2739 424 2796 266.
442 2740 554 2814 Quique
566 2742 639 2795 solet
648 2761 672 2795 r.
686 2741 765 2816 d.f.]
777 2740 1003 2798 Funambulum.

268 2899 271 2911 ,
303 2840 340 2894 V.
355 2835 421 2908 267.
439 2836 535 2909 Qudne
547 2848 578 2892 tu
594 2837 738 2912 Corycia]
753 2840 882 2915 Corycus
896 2837 996 2896 civitas
1012 2837 1148 2896 Isauriae:
1162 2836 1196 2900 id
1207 2849 1268 2907 est,

266 2932 428 3010 negotiator
439 2933 492 3009 qui
503 2933 584 2991 omni
597 2945 728 3012 tempore
739 2934 862 3011 navigas.
1262 2971 1266 2978 ·

304 3033 341 3090 V.
357 3029 424 3105 269.
437 3037 481 3088 Ac
498 3032 565 3088 vilic
582 3051 605 3086 s.
624 3050 711 3087 merc.
732 3033 789 3099 ol.]
810 3029 1056 3108 opobalsamum,
1073 3043 1124 3088 aut
1142 3029 1271 3090 malaba-

357 3125 465 3184 toetidae
477 3126 601 3204 alicujus
612 3126 734 3184 mercis:
749 3139 784 3184 ut
799 3131 833 3184 eir
847 3126 986 3186 sententia
999 3125 1068 3199 tali,
1083 3139 1116 3184 tu
1129 3127 1241 3185 foetide.

265 3141 345 3295 Ἥ
353 3240 419 3294 272.
430 3225 554 3278 Etmun.
567 3223 654 3278 loris.
665 3241 693 3276 a.
708 3225 848 3296 lagenas]
859 3222 1062 3301 Getieas-(11),
1073 3223 1142 3300 quia
1154 3224 1272 3302 Jupiter

251 3319 307 3384 ,ibi
319 3317 447 3374 nutritus
458 3326 510 3373 est.

303 3418 338 3472 V.
356 3431 423 3484 272.
442 3413 498 3467 Hic
515 3424 585 3480 tam.
600 3414 741 3489 ancipite]
753 3412 953 3472 Funambulus
967 3434 1003 3472 ex
1019 3412 1073 3476 hac
1086 3426 1146 3473 arte
1158 3415 1270 3473 vietum

264 3508 319 3568 sibi
333 3518 489 3585 comparat.
548 3502 550 3510 '

303 3607 339 3664 V.
354 3605 421 3676 ²73·
435 3604 729 3678 Brumamquefam.]
744 3605 900 3662 Horatius:

441 3699 541 3766 Frigus,
552 3717 603 3768 qno
612 3702 747 3767 duramque
755 3703 842 3752 famem
851 3701 971 3767 depellere
980 3703 1064 3768 possit.

303 3798 339 3854 V.
355 3804 421 3869 274.
438 3799 497 3853 Illa
509 3810 580 3854 reste
593 3803 691 3868 cavet]
707 3799 800 3876 Supra
813 3807 902 3876 quam
914 3798 1046 3856 ambulat
1058 3797 1191 3860 scilicet.¹
1290 3859 1294 3866 ,

303 3894 341 3950 V.
357 3894 424 3970 276.
439 3895 510 3952 Plus
520 3895 550 3954 Ιι.
568 3895 681 3966 estjam
695 3897 725 3958 tn
733 3901 780 3971 p.]
794 3893 830 3954 ld
842 3906 900 3967 est,
910 3895 962 3974 qui
971 3896 1159 3976 naufragium
1166 3907 1271 3975 pertn·

160 4058 163 4064 ¹
262 3988 368 4048 lerunt.
