2930 4660
311 358 371 426 160
519 361 562 426 Η.
585 361 650 428 ΕΤ
672 361 708 427 C.
729 357 1095 426 VALESIORUM

307 505 338 546 v.
360 484 412 572 76.
435 484 563 572 Accipis
581 506 731 564 uxorem,
744 483 785 548 de
799 505 863 571 qua
876 482 1069 548 citharoedus
1082 479 1227 562 Echion,

436 580 691 669 AutGlaphyrus
701 579 756 644 fiat
764 597 866 670 pater,
873 579 1111 668 ambrosiusque
1118 575 1310 666 choraules]

344 713 423 790 Lego
436 709 651 770 ambrosiusve:
667 732 734 791 quae
748 712 836 771 lectio
848 711 966 770 retineri
977 710 1074 769 debet.
1095 711 1133 768 Η.

304 861 334 904 v.
353 839 405 928 78.
429 839 538 930 Longa
552 863 610 929 per
623 837 922 932 angustosfigamus
938 839 1062 928 pulpita
1074 839 1187 922 vicos,·
1271 847 1274 852 “

429 938 595 1002 Ornentur
609 953 732 1026 postes,
745 954 778 1002 et
790 936 905 1028 grandi
914 938 1013 1022 janua
1023 936 1133 1017 lauro,

426 1037 472 1099 Ut
487 1036 669 1100 testudineo
683 1035 762 1120 tibi,
775 1036 929 1117 Lentule,
944 1057 1090 1123 conopeo

430 1131 558 1197 Nobilis
570 1131 745 1220 Euryalum
756 1130 985 1196 mirmillonem
998 1129 1154 1220 cxpr‘unat
1166 1127 1306 1218 infann]

343 1271 380 1330 Id
401 1283 460 1343 est,
476 1271 535 1331 duc
553 1291 694 1343 uxorem,
713 1270 855 1344 Lentule,
869 1282 904 1328 ut
921 1290 958 1329 ex
970 1270 1070 1328 uxoris
1086 1281 1144 1326 tuae
1164 1269 1307 1328 adulterio

305 1381 438 1428 nascatur
455 1367 549 1426 infans
567 1368 733 1426 simillimus
753 1368 841 1447 patris
859 1368 904 1425 sui
922 1363 1040 1443 Euryali
1057 1359 1252 1422 mirmillonis.
1271 1367 1309 1424 Et

304 1463 373 1522 hinc
393 1463 531 1523 discimus
550 1466 580 1524 iu
594 1466 683 1535 vicis,
698 1466 750 1544 qui
772 1470 873 1524 Romae
893 1463 1009 1542 angusti
1028 1474 1127 1532 erant,
1146 1461 1308 1524 secundum

303 1561 426 1640 parietes
438 1582 607 1641 magnarum
620 1562 776 1620 domorum
797 1560 910 1640 pulpita
931 1558 1017 1639 longa
1032 1557 1220 1617 tumultuarie
1235 1546 1309 1618 sacta

241 1685 244 1704 ι
303 1669 455 1736 erectaque
470 1658 649 1734 (secundum
664 1659 786 1736 parietes
805 1658 977 1724 domorum,
989 1655 1126 1732 inquam,
1138 1675 1198 1737 non
1219 1645 1307 1714 trans-

303 1752 393 1810 versis
412 1753 499 1823 vicis,
517 1773 554 1812 ne
578 1754 793 1812 transeuntibus
815 1752 1025 1831 impedimento
1048 1765 1159 1824 essent3
1176 1752 1256 1830 quod
1278 1765 1307 1811 et
1387 1774 1393 1784 ·

304 1847 444 1926 significat
461 1867 518 1906 vox
538 1852 640 1924 longa3
654 1868 708 1907 nec
726 1849 805 1932 enim
823 1846 985 1926 quidquam
1004 1849 1142 1926 augustiis
1159 1849 1307 1928 utrimque

302 1943 527 2002 circumclusum
537 1947 652 2020 longum
662 1963 723 2002 esse
735 1955 847 2023 potest,
859 1942 1059 2002 latum-autem
1072 1942 1166 2002 multo
1178 1925 1304 2022 minus),

302 2040 334 2097 in
345 2039 453 2117 quibus
463 2038 584 2119 pulpitis
596 2044 688 2118 po'e‘tae
702 2040 912 2118 epithalamiaa
923 2059 953 2098 se
967 2041 1128 2118 composita
1138 2041 1304 2112 recitarent,

232 2177 235 2192 .
303 2136 418 2214 quoties
431 2135 535 2214 aliquis
548 2137 623 2195 inter
636 2137 781 2216 principes
794 2137 918 2196 civitatis
931 2155 1054 2196 uxorem
1067 2137 1198 2195 duxerat.
1213 2141 1305 2197 Caete·

301 2251 385 2302 rum,
400 2251 453 2310 pro
466 2235 596 2308 figrarnus
619 2232 685 2312 lego
696 2236 838 2309 figantur.
855 2236 967 2305 Varro,
985 2251 1049 2311 cap.
1070 2251 1121 2303 11,
1134 2232 1188 2290 lib.
1207 2237 1255 2304 ΙΙ,
1268 2234 1306 2292 dc

303 2334 346 2387 Re
362 2330 498 2387 Rustica:
513 2349 580 2407 quae
598 2330 784 2389 ostenderent
793 2331 889 2404 foetas
908 2341 1020 2388 nosnos
1026 2372 1037 2400 ,
1051 2349 1117 2406 quae
1130 2329 1160 2386 in
1175 2333 1307 2407 canopeis

299 2427 396 2503 jacent
406 2425 467 2484 dies
475 2424 605 2503 aliquot,
619 2445 680 2484 esse
694 2427 861 2482 lenuncidos
871 2445 904 2483 ac
916 2426 1149 2484 contemnendas.
1162 2428 1306 2508 loquitur

302 2521 339 2579 de
353 2522 614 2580 matribuslamilias
628 2521 782 2580 Liburnis:
798 2521 884 2592 alias,
897 2523 1045 2594 ejuncidas
1060 2542 1094 2580 ex
1114 2542 1177 2600 cap.
1195 2525 1243 2581 31.
1258 2523 1304 2582 Ab

300 2621 472 2699 Aegyptiis,
493 2620 545 2698 qui
568 2619 712 2677 culicibus
737 2621 776 2678 ob
799 2621 886 2677 maris
910 2633 939 2679 et
963 2619 1106 2698 paludum
1127 2622 1304 2680 vicinitatem

301 2717 427 2775 maxime
437 2716 624 2785 infestantur,
636 2717 787 2775 inventurn
801 2717 858 2774 fuit
872 2737 1048 2794 conopeum,
1064 2729 1098 2775 ut
1110 2718 1150 2776 ait
1163 2719 1305 2797 Scaliger,

299 2813 332 2870 in
342 2812 393 2870 lib.
407 2815 451 2870 111
462 2813 613 2890 Propertii.
627 2811 715 2872 Addo
729 2833 783 2892 ego
797 2812 880 2872 foetas
892 2813 922 2872 in
935 2816 1068 2891 conque
1079 2817 1224 2874 Romanas
1234 2835 1305 2894 opu·
1361 2859 1363 2870 .

300 2909 393 2968 lentas
401 2909 524 2990 jacuisse
538 2931 574 2970 ex
587 2895 715 2969 Varrone
728 2923 758 2969 et
770 2913 786 2968 J
788 2909 919 2968 uvenale.
941 2912 975 2968 C.
1128 2903 1132 2911 ⁸
1295 2893 1298 2904 ¹

299 3063 330 3106 v.
353 3042 423 3106 108.
440 3043 577 3206 gtpptus
586 3040 686 3228 peleti
694 3040 899 3129 ‚mediisque
914 3041 949 3104 in
967 3042 1099 3106 naribus
1111 3042 1226 3131 ingens

416 3169 419 3178 ¹
470 3165 481 3204 1
528 3163 577 3206 us.

338 3282 407 3338 llaec
423 3278 509 3358 plane
522 3281 641 3338 vitiosa:
655 3281 753 3356 gibbus
772 3283 802 3338 in
821 3282 922 3338 medat:
940 3281 1056 3338 naribus
1071 3283 1183 3338 aenum
1194 3284 1284 3358 galeti
1291 3305 1300 3338 :

300 3368 383 3454 qulrsi
397 3376 477 3453 galea
495 3388 579 3436 vetus
594 3380 724 3434 Romana
739 3385 833 3454 usque
850 3377 886 3434 ad
903 3376 1013 3434 medias
1025 3396 1108 3435 nares
1121 3373 1302 3457 pertingere,

298 3471 399 3550 ibique
411 3471 533 3552 gibbum
547 3484 598 3530 aut
611 3491 724 3543 creare,
739 3484 790 3530 aut
805 3473 1002 3558 incumbendo
1020 3493 1150 3552 premere
1163 3475 1300 3552 potuerit.

299 3568 348 3628 sic
360 3588 415 3647 ego
428 3569 597 3629 Juvenalem
612 3568 736 3627 emendo
750 3590 758 3626 z
1186 3573 1188 3578 ’

472 3686 585 3734 Attritns
595 3685 690 3751 galeae,
702 3685 841 3752 mediisque
852 3686 881 3734 in
889 3685 992 3736 naribus
1002 3687 1091 3753 iugens

472 3765 581 3825 Gibbus,

249 3929 252 3939 ,
296 3869 363 3928 Tria
379 3867 427 3927 hic
441 3869 510 3927 vitia
528 3869 559 3928 in
577 3868 650 3958 facie
664 3869 755 3949 Sergii
772 3869 938 3948 gladiatoris
953 3883 1035 3930 notat
1051 3870 1216 3930 Iuvenalis:
1231 3891 1304 3950 quo·

293 3983 360 4026 tum
371 3965 500 4046 primum
510 3976 554 4028 est
566 3965 646 4045 frons
656 3963 737 4047 galed
749 3967 844 4029 attrita
857 3987 891 4028 ac
904 3967 1031 4044 sulcata3
1043 3968 1184 4040 alterum,
1198 3968 1301 4048 ingens
