2924 4662
420 339 476 408 nt
502 335 676 411 tutan.
704 317 933 412 sarman
958 339 985 410 ι.
1140 342 1206 434 aa,

192 465 382 548 praepositus,
393 483 443 528 ess
455 466 609 546 spoliarit:
626 479 656 530 et
676 470 746 528 cim
763 469 896 548 ilsgmret
915 467 1041 540 invidis,
1055 467 1205 530 basilicam

194 565 250 624 sub
267 564 387 626 nomine
400 567 434 622 C.
448 563 521 621 Julii
535 564 653 624 Caesaris
671 564 833 628 adificavit.
852 565 1055 626 Donatus-snb
1067 565 1205 638 Tiberio,

191 661 315 740 proinde
326 661 422 730 dives,
431 661 515 739 quod
527 661 616 720 Cassii
629 680 702 740 opes
712 660 757 738 (6)
766 662 854 720 etiam
866 661 1059 731 exhausisset,
1069 673 1098 720 et
1109 662 1205 722 dictus

192 770 236 816 est
248 757 383 816 habuisse
395 775 537 819 nummos
546 771 691 836 quantum
703 758 786 818 milvi
799 757 909 816 volant.
920 759 1006 818 Unde
1017 759 1151 818 Persius:

365 893 441 943 Nunc
453 891 536 942 Licini
545 894 573 942 in
582 908 699 963 campos,
708 905 778 942 nunc
786 894 869 943 Crassi
877 894 953 944 mittit
964 895 991 942 in
1001 894 1072 943 udos.

229 1017 266 1072 V.
292 1034 357 1072 111.
378 1015 506 1080 Pedibus
518 1015 573 1090 qui
586 1027 709 1072 venerat
728 1016 830 1085 alba]
850 1015 986 1074 Ostendit
1001 1015 1070 1093 plus
1084 1013 1203 1074 honoris

189 1109 282 1168 videri
294 1111 325 1170 in
337 1108 456 1180 calceis,
469 1105 558 1188 quim
572 1111 603 1166 iu
618 1129 750 1188 persona.
767 1109 824 1169 llio
838 1111 916 1168 enim
930 1123 1061 1190 tempore
1071 1111 1201 1170 necdum

191 1219 336 1274 sanctones
349 1207 437 1285 nigris
450 1205 553 1264 calceis
566 1206 742 1266 utebantur:
758 1206 809 1265 sed
821 1207 908 1265 nudis
920 1207 1061 1286 pedibus,
1073 1208 1120 1266 vel
1133 1207 1202 1287 pul-

190 1305 370 1374 verulentis,
392 1306 438 1364 vel
461 1306 593 1377 braccis,
611 1306 660 1365 vol
681 1305 804 1385 pedules
828 1327 919 1365 novos
940 1309 971 1366 in
994 1307 1105 1366 braccis
1127 1327 1202 1387 quos

191 1403 331 1482 pedornis
344 1403 387 1482 (7)
399 1400 519 1476 dicunt,
534 1417 568 1463 ut
582 1405 763 1484 peregrinus.

231 1512 268 1567 V.
284 1511 349 1567 113.
361 1513 512 1582 Funesta]
524 1512 669 1584 Quoniam
683 1531 736 1590 per
748 1511 855 1568 scelera
867 1509 1049 1589 adquiritur:
1063 1509 1109 1569 vel
1119 1511 1201 1590 quod
1263 1558 1266 1562 .

190 1602 329 1665 funerum
342 1607 543 1666 faciendorum
561 1608 597 1665 sit
610 1627 715 1665 causa:
730 1607 777 1665 vel
793 1607 875 1686 qnod
893 1628 946 1686 per
961 1607 1113 1686 parricidia
1127 1627 1204 1666 con·

153 1693 155 1697 ¹
188 1701 309 1780 geritur.
1183 1769 1185 1782 1

227 1812 265 1867 V.
284 1811 349 1868 116.
369 1813 530 1869 Concordia
544 1813 637 1882 nido]
652 1810 769 1868 Ciconia
782 1829 849 1888 quae
859 1822 959 1868 contra
971 1810 1115 1889 templum
1127 1813 1202 1870 Con-

188 1907 295 1966 cordiae
315 1927 351 1965 ex
372 1907 515 1977 consilio,
528 1909 614 1966 rostri
635 1907 765 1964 sonitum
789 1907 867 1964 iecit.
887 1909 925 1964 Et
944 1907 1056 1964 satirico
1078 1907 1201 1966 salutato

178 2003 276 2074 nido,
292 2023 352 2062 uon
366 2003 489 2082 templo.
504 2003 662 2082 Templum
675 2002 846 2062 Concordia
859 2015 958 2073 vetus,
970 2003 1000 2060 in
1014 2022 1075 2081 quo
1090 2003 1201 2062 ciconia

185 2100 345 2160 mutuent.

229 2207 267 2262 V.
287 2225 354 2277 117.
368 2206 502 2264 Summus
515 2205 629 2276 honos]
644 2207 826 2264 Senatorum.

230 2311 268 2366 V.
288 2305 353 2387 1'19.
374 2312 522 2381 Comites]
543 2310 622 2382 Quid
639 2311 744 2370 facient
762 2310 896 2390 parasiti,
912 2311 982 2370 cum
1001 2320 1147 2368 senatores
1159 2309 1200 2370 sic

190 2404 267 2464 avidi
280 2406 338 2464 sint
349 2407 387 2464 ad
401 2407 585 2485 sportulam?

230 2513 266 2573 V.
287 2530 351 2570 ιιι.
366 2516 482 2571 Lectica
490 2516 591 2590 petit]
607 2517 788 2574 Lecticarum
802 2535 889 2574 usum
903 2514 988 2593 primi
1003 2513 1141 2572 dicuntur
1153 2513 1201 2572 in-

186 2609 300 2666 venisse
313 2595 439 2687 Bithyni.
457 2610 559 2668 Cicero
571 2609 635 2689 (6):
653 2615 727 2669 Nam
745 2631 803 2669 una
820 2610 899 2670 haud
917 2629 983 2668 mos
999 2621 1042 2668 est
1058 2608 1199 2686 Bithyniae

188 2704 305 2782 regibus
318 2705 385 2763 vehi
397 2705 518 2777 lectica,
531 2707 562 2763 id
577 2720 637 2779 est,
652 2707 825 2786 octophoro.

228 2813 264 2866 V.
285 2826 350 2883 127.
367 2814 436 2886 Ipse
451 2813 534 2884 dica]
550 2817 640 2872 Totos
658 2814 720 2871 dies
742 2815 783 2870 sic
803 2823 981 2871 consumunt
994 2811 1114 2882 divites,
1126 2809 1198 2868 dum

189 2905 365 2982 sportulam,
379 2920 430 2966 aut
443 2909 481 2966 ad
494 2909 639 2988 templum
654 2909 801 2989 Apollinis
814 2908 996 2966 tractandum
1009 2907 1129 2964 vadunt.

228 3013 264 3068 V.
283 3011 349 3070 128.
367 3016 500 3090 larisque
515 3009 624 3091 peritus
641 3019 773 3092 Apollo]
793 3019 855 3072 Aut
873 3015 942 3092 quia
957 3016 1040 3092 juxta
1053 3011 1198 3091 Apollinis

187 3105 331 3184 templum
346 3107 506 3188 jurisperiti
519 3109 677 3182 sedebant,
694 3123 723 3170 et
742 3097 920 3168 tiactabant:
936 3121 986 3166 aut
1006 3109 1075 3186 quia
1091 3108 1198 3166 biblio·

188 3197 301 3276 thecam
306 3205 381 3283 juris
392 3205 495 3277 civilis,
503 3220 533 3264 et
541 3207 706 3266 liberalium
719 3207 883 3265 studiorum
892 3205 923 3264 in
933 3205 1044 3284 templo
1053 3205 1197 3284 Apollinis

188 3297 308 3357 Palatini
321 3300 468 3359 dedicavit
479 3305 642 3383 Augustus.
654 3307 728 3362 Nam
743 3303 790 3362 hic
804 3316 848 3362 cst
859 3303 985 3381 Apollo,
998 3304 1082 3381 cujus
1095 3315 1124 3360 et
1135 3305 1198 3361 llo*

188 3408 277 3453 ratius
291 3397 442 3457 meminit:

416 3547 422 3562 .
440 3547 447 3564 .
465 3545 472 3562 .
489 3549 496 3562 .
514 3515 553 3564 Sic
567 3532 606 3564 me
621 3517 727 3564 servavit
740 3517 845 3582 Apollo.

187 3632 252 3690 Sive
266 3633 348 3712 quod
362 3636 464 3695 Cicero
479 3635 602 3694 domum
618 3637 753 3717 Scaerolae
767 3638 920 3698 oraculum
934 3636 1027 3706 dixit,
1040 3636 1100 3694 sive
1114 3636 1196 3715 quod

186 3741 246 3788 tam
259 3730 341 3792 devia
356 3731 399 3809 (9)
409 3732 646 3811 jurisperitorum
660 3753 797 3811 responsa
813 3734 887 3805 sint,
899 3731 989 3812 quim
1002 3732 1160 3810 Apollinis.

227 3837 263 3891 V.
277 3855 342 3914 rap
355 3845 450 3914 Aeque
460 3838 716 3915 snumpdales.]ld
727 3845 781 3908 est,
791 3841 851 3898 itur
860 3840 898 3898 nd
908 3852 1000 3898 rostra
1009 3881 1018 3908 ‚
1027 3839 1079 3898 uhi
1090 3830 1195 3899 habers

185 3929 281 3991 solent
291 3927 483 4012 triumphales
496 3945 603 3997 statuas
614 3934 669 4000 visi
680 3935 797 4014 magui,
811 3935 870 3994 sive
881 3934 1046 4015 quadrigas.
