2930 4660
287 354 351 418 206
498 351 541 416 H.
566 343 632 416 ET
657 345 1076 418 c.VALE810RU1tt

260 545 264 554 ἱ
285 474 614 547 Juvenalls,.cobaerere
638 471 915 550 animadvertissent.
937 470 1055 545 Flavius
1074 467 1195 547 quidam
1214 465 1292 524 07121'5

285 573 505 634 lacedemonii
514 570 633 638 nomine
648 569 784 648 intelligit
796 582 897 639 tutes,
913 581 943 628 et
957 569 997 628 ita
1010 566 1047 626 ab
1061 585 1097 624 eo
1111 565 1244 642 Lipsius,
1256 572 1292 618 ut

285 667 364 746 apud
383 667 556 736 Suetonium
577 669 608 726 in
628 672 777 744 Augusto,
796 685 848 724 seu
873 672 1023 737 σφιγκτῆρι,
1046 674 1076 722 et
1091 667 1292 736 poppysmate

283 764 413 844 reposuit
420 763 636 822 absurdissime.
649 767 735 841 lianc
745 765 841 820 orbem
853 761 972 841 tripudii
981 777 1072 838 genus
1081 776 1142 815 esse
1151 753 1291 814 Biodaeus

283 871 398 928 censet,
410 860 443 918 iu
459 879 519 938 quo
534 859 585 916 diu
600 879 630 917 se
645 859 676 918 in
690 879 795 937 gyrum
808 869 952 917 versantes
969 854 1057 914 hodie
1072 870 1192 933 quoque
1206 848 1291 908 niimi

283 957 407 1016 subinde
425 958 550 1016 emicant
570 976 604 1015 ac
626 957 791 1016 subsiliunt.
805 956 876 1016 ‘sed
898 973 987 1034 quare
1009 949 1291 1010 Lacedoemonium?

283 1057 352 1114 Haec
373 1054 492 1112 omnino
513 1073 573 1112 non
598 1054 785 1116 satisfaciunt.
799 1051 982 1122 .Turnebus,
997 1052 1125 1126 pytr'sma
1148 1055 1289 1124 sputum,

284 1153 379 1221 orbem
392 1150 528 1217 tiochum
537 1150 740 1218 viderivoluit.
753 1152 818 1230 lpse
831 1154 964 1220 Muretus
976 1146 1101 1226 explicat
1107 1153 1289 1234 poueurnatc

282 1248 539 1330 verbositatis,
553 1259 582 1306 et
594 1259 678 1326 putat
692 1247 775 1308 innui
790 1246 910 1318 divitem
923 1244 1096 1312 aleatorem,
1109 1239 1199 1318 idque
1213 1255 1294 1299 cou-.

282 1333 389 1404 firmari
402 1345 532 1405 versibus
547 1343 755 1424 sequentibus:

456 1443 569 1508 Namque
578 1443 614 1490 ibi
624 1443 730 1491 fortuna.
739 1443 838 1491 reniam
847 1441 942 1491 damus.
951 1440 1011 1490 Alsa
1020 1437 1100 1504 turpis

454 1525 540 1590 aaron
547 1535 575 1575 ot
582 1525 733 1580 adducitis·
743 1523 925 1577 mediocribus:
935 1523 989 1576 hae
998 1520 1083 1580 cadeso
1091 1517 1129 1580 illi

454 1606 545 1652 Omnia
555 1603 613 1654 cirus
626 1605 718 1652 liciam
727 1638 734 1664 ,
742 1603 832 1674 bibres
841 1604 1110 1668 undiquessecus..

284 1691 387 1746 Orbem
404 1701 503 1746 autem
515 1690 773 1758 lacedemoniam
792 1687 919 1766 explicat
939 1705 1070 1746 mensam
1089 1703 1125 1744 ex
1143 1700 1286 1740 marmore

281 1784 425 1843 laconico
442 1783 579 1860 (mallem
598 1785 710 1856 alveum
727 1783 858 1861 dicere),
870 1794 904 1840 ut
916 1781 1056 1844 Martialis
1072 1781 1192 1854 Libycos
1206 1778 1287 1834 orbes

280 1892 365 1947 vocat
387 1899 501 1939 mensas
522 1899 560 1938 ea
578 1897 721 1948 marmore
741 1880 878 1941 Africano
889 1899 900 1949 a
912 1891 942 1938 et
965 1881 1073 1947 Seneca
1091 1874 1131 1934 ad
1148 1874 1287 1936 Albinam

280 1979 381 2052 magni
395 1979 536 2052 levatique
551 1996 714 2034 mensarum
734 1979 825 2034 orbes.
838 1976 1032 2038 Lubrioentur
1048 1985 1163 2042 autem,
1177 1971 1208 2028 id
1224 1981 1284 2039 est,

280 2077 426 2144 beantur,
443 2072 516 2132 lesia
531 2071 695 2132 redduntur
709 2072 824 2132 assidui
838 2074 1015 2131 tractatione
1025 2089 1185 2150 marmora2
1197 2087 1286 2146 super

279 2169 387 2248 quibus
406 2168 520 2228 assidue
535 2168 598 2228 alea
615 2168 744 2241 luditur;
758 2181 788 2228 et
809 2168 871 2228 lsaeo
893 2169 1034 2228 sententia
1045 2167 1162 2226 videtur
1175 2164 1285 2222 caeteris

277 2263 469 2328 verisimilior.
484 2267 546 2344 Ego
560 2263 732 2342 posthabitis
746 2277 790 2324 tot
805 2264 961 2328 doctorum
973 2265 1102 2336 virorum
1116 2259 1282 2330 sententiis,

276 2357 388 2434 huncce
401 2361 547 2420 luvenalis
560 2361 660 2420 locum
677 2382 713 2420 ex
729 2362 794 2420 Ael.
813 2361 970 2442 lampridii
985 2359 1068 2432 loco,
1083 2359 1135 2440 qui
1148 2377 1283 2424 commo-

220 2531 231 2556 ·
276 2454 349 2516 diuu
362 2458 480 2532 incidit,
492 2459 532 2516 ita
544 2459 684 2521 restituo:

447 2556 498 2616 Qni
507 2555 717 2614 hcedoemonium
725 2556 854 2623 pytismate
862 2555 971 2628 lubricat
979 2558 1069 2610 orbem.

275 2639 310 2697 ld
330 2652 389 2709 est,
403 2641 630 2696 Lacedaemonia
651 2660 728 2700 sacca
736 2683 747 2711 ,
764 2660 815 2699 seu
834 2661 996 2712 marmorea
1015 2641 1177 2722 pavimenta
1191 2641 1281 2698 Lace·
1299 2681 1302 2688 ·

274 2735 406 2794 daemone
417 2735 551 2805 advecta,
561 2735 679 2795 maximi
690 2723 790 2814 pretii,
802 2741 892 2814 sputu
900 2738 1038 2808 lubricat,
1050 2739 1193 2814 conspuit,
1205 2735 1280 2814 pede

274 2833 359 2902 terit;
373 2830 520 2910 quidivcs
532 2845 576 2891 est
590 2831 664 2910 (neo
680 2834 758 2892 enim
771 2833 811 2892 ita
826 2851 921 2893 aream
937 2847 1079 2906 sternere,
1094 2846 1145 2891 aut
1157 2832 1282 2891 triclinia

274 2928 329 2986 nisi
342 2929 422 2986 dives
436 2940 547 3008 potest,
559 2927 629 2988 ciam
641 2929 673 2988 id
687 2929 859 3009 Elagabalus
877 2931 977 2992 secisse
995 2930 1134 3006 dicatur).
1152 2933 1189 2988 Et
1202 2941 1279 2987 certe

273 3023 438 3102 posthabet
452 3027 655 3097 mediocribus,
671 3040 700 3084 et
713 3039 796 3085 antea
809 3029 901 3084 dae'os'a’s
914 3031 1013 3090 urticae
1021 3070 1030 3098 ,
1038 3015 1079 3083 'ut
1089 3045 1139 3100 eos
1150 3037 1281 3105 opponat

273 3119 320 3178 hic
332 3109 486 3179 luvenalis.
500 3121 658 3200 Lampridii
669 3122 751 3180 locus
763 3121 811 3181 hic
825 3135 868 3180 est
881 3120 911 3182 in
924 3121 1095 3203 Elagabalo:
1110 3149 1122 3176 ιι
1133 3121 1238 3183 Stravit
1250 3135 1279 3180 et
1346 3135 1348 3139 '

274 3219 649 3289 «saaeb'Lacec'lcemoniis,
669 3238 702 3278 ac
727 3215 939 3298 porphyreticis
955 3223 1076 3296 plateas
1097 3220 1129 3280 ib
1150 3219 1277 3298 palatio,

273 3341 285 3366 r
295 3334 367 3392 quas
375 3307 588 3373 Antouim'anas
594 3317 741 3392 uocauit.»
755 3319 830 3375 Hinc
841 3318 961 3379 omuino
973 3319 1071 3382 breem
1079 3318 1184 3396 accipit
1192 3321 1279 3376 Juve-

271 3411 354 3468 nalis.
371 3407 466 3484 Qu'am
482 3411 559 3470 fatua
574 3425 672 3472 autem
689 3413 788 3491 (siits
809 3413 892 3492 loqui
909 3413 1030 3493 liceat),
1045 3407 1199 3492 explicatio
1215 3433 1278 3472 om·

271 3508 354 3565 isium
367 3508 509 3581 aliorum,
523 3509 575 3588 qui
588 3509 624 3568 de
637 3511 734 3582 nescio
748 3499 857 3592 quibus
871 3508 992 3584 saltibus
1005 3513 1173 3592 enponuut!
1197 3513 1230 3569 C.
1317 3567 1321 3575 ,

270 3668 299 3712 v.
322 3645 381 3735 175
385 3695 756 3715 ............
760 3673 790 3716 ·.
815 3699 823 3714 .
849 3699 857 3715 .
881 3651 960 3716 llaec
971 3668 1078 3716 tamen
1090 3651 1139 3716 illi

415 3746 534 3816 Omnia
546 3745 769 3836 cumfusum,
782 3748 899 3814 hilaros
916 3747 1079 3838 nitidique
1088 3743 1274 3838 rosarium}

306 3869 384 3948 Lego
397 3870 526 3948 primns:
542 3872 639 3930 omnia
654 3869 865 3948 cbmsociunt,
883 3873 965 3952 quod
978 3887 1055 3935 certe
1068 3873 1183 3934 melius.
1205 3875 1238 3934 C.
