2930 4660
184 317 192 326 ’
347 327 983 472 ·ιιόιιιιιιιιιιιιιιιιιιιι.
1117 374 1179 462 qs

167 509 198 557 ις
223 493 274 559 ss,
293 494 463 584 lpsesaeit
473 515 603 576 versus,
617 510 714 582 atque
726 496 786 558 uni
799 495 886 560 ordit-
895 495 1037 560 Homero

294 590 532 680 Propter'mille
548 613 660 656 annos.
676 594 720 656 At
736 593 764 656 si
780 589 952 657 dulcedine
965 595 1057 656 famas

232 691 235 698 ’
294 690 473 752 Succensus
491 689 623 772 recites,
637 691 820 754 Maculom's·
833 689 1018 754 commodat
1033 689 1146 779 tedes]

208 819 253 888 ιιι
271 841 329 887 tres
347 830 406 886 mei
423 830 586 888 Juvenales.
605 819 826 897 Malim-tumen¹
835 832 918 906 sacis
936 845 965 890 et
982 832 1068 887 cedri.
1080 835 1181 893 Macu-

169 925 243 1003 Ionis
253 925 284 982 in
294 925 474 988 nominativo
485 925 627 1006 singulari
639 945 748 986 nomen
763 927 836 988 mihi
848 929 999 1006 ignotum
1012 945 1049 984 ne
1062 930 1182 985 Macula
1213 913 1215 922 ’

168 1021 291 1098 quidem
305 1021 430 1093 dicitur,
446 1035 475 1084 et
496 1035 595 1090 tamen
615 1021 662 1082 hic
683 1037 819 1102 optasset
836 1025 1016 1086 nominativo
1028 1025 1183 1102 singulari,

168 1119 426 1174 commodaturus¹
438 1119 496 1195 (tel
499 1122 584 1194 prete
596 1139 631 1176 sa
645 1122 788 1196 marion).
801 1120 944 1196 Alioquin
956 1120 979 1176 si
992 1121 1022 1177 in
1036 1122 1181 1198 genitivo,
1260 1147 1272 1158 ·

168 1213 336 1268 commodat
354 1231 371 1268 a
391 1217 477 1290 poeta
497 1215 629 1292 positum
650 1227 747 1286 esset,
766 1214 843 1272 male
866 1235 920 1294 pro
938 1229 1085 1274 mutuatur
1101 1217 1183 1295 (em-

162 1309 306 1386 prunte):
322 1308 404 1385 quod
424 1309 564 1388 suspicari
582 1330 642 1368 non
664 1311 717 1370 fas.
739 1315 813 1369 Nam
834 1323 864 1370 et
883 1323 950 1388 post
966 1323 1025 1382 est;
1039 1315 1093 1368 scit
1110 1314 1183 1370 dam

169 1405 301 1474 libertos,
315 1405 441 1485 scilicet,
456 1409 629 1464 Marcionis.
651 1407 812 1466 Farnabius
832 1407 902 1486 legit
920 1405 967 1466 hic
988 1400 1182 1466 Meculonus:

169 1501 222 1558 sed
237 1521 290 1559 nec
304 1502 407 1560 Latina
421 1505 512 1582 magis
528 1503 590 1564 hacc
604 1524 661 1563 vox
676 1489 749 1562 mihi
763 1503 888 1564 videtur
910 1497 948 1564 Hss

167 1653 199 1696 v.
220 1636 273 1710 dt.
292 1633 477 1724 Hoeolonge
491 1633 609 1700 ferrata
625 1633 743 1701 domus
758 1637 877 1700 servire
889 1635 1055 1724 jubesne]

208 1775 253 1829 lta
267 1761 406 1832 Pithoeus
426 1787 455 1833 et
473 1746 616 1854 lligaltius
631 1750 761 1834 habent·
777 1788 806 1833 at
822 1775 1039 1856 Raphelengius
1054 1745 1132 1850 edit,
1147 1798 1184 1834 ao
1253 1827 1255 1834 .

163 1869 271 1944 'longe,
285 1882 361 1942 etc,
376 1871 473 1940 forsan
486 1872 602 1930 melius.
625 1872 662 1930 H.

168 2023 199 2064 v.
216 2002 269 2078 46.
289 2001 331 2065 Et
345 2023 417 2088 quae
429 1983 591 2065 conducto
607 2002 751 2090 pendent
764 2003 954 2072 anabathra
967 2004 1082 2093 tigillo.
1094 2005 1107 2092 ]
1155 2063 1157 2066 .

209 2143 257 2200 Sic
270 2140 359 2199 habet
371 2139 650 2218 Raphelengius3
622 2162 691 2238 cum
708 2107 849 2200 Pithoeus
864 2145 1007 2201 anabetra
1015 2187 1025 2213 ,
1041 2144 1184 2247 waldus

168 2239 337 2293 anabathra
350 2236 437 2312 legat.
459 2237 497 2292 H.

155 2389 189 2430 ‘v
168 2365 273 2454 v..87
292 2365 421 2446 Esuris,
434 2368 591 2430 intactam
603 2365 712 2432 Paridi
729 2366 792 2430 nisi
805 2366 1104 2455 vendatAgaven.]

179 2517 183 2532 ¹
203 2511 302 2564 *Vetus
321 2508 463 2586 interpres
483 2505 626 2586 explicat,
643 2506 699 2564 nisi
720 2506 885 2564 cantionem
905 2506 1065 2564 inauditam
1085 2520 1186 2585 panto·

170 2603 261 2662 mimo
277 2603 458 2698 vendiderit,
472 2622 534 2660 ιιοιι
552 2601 690 2674 habebit,
704 2601 784 2672 unde
806 2621 836 2662 se
857 2611 1001 2660 sustentet
1019 2602 1184 2688 infeliciter.

171 2701 257 2758 Hune
275 2711 393 2778 secutus
413 2698 572 2760 Famabius
592 2701 733 2759 intactam
745 2701 865 2774 Agaven
885 2697 1026 2777 explicat,
1039 2701 1185 2758 Fabulam

172 2797 209 2850 de
220 2809 311 2850 ruane
324 2795 449 2852 Penthei
466 2797 674 2869 conscriptam,
691 2814 814 2869 eamque
832 2813 952 2862 nolana
970 2793 1046 2851 male
1063 2815 1185 2874 quoque

115 2949 118 2954 ,
172 2891 300 2949 omnino
315 2893 422 2950 Sensus
433 2889 482 2948 hic
496 2899 548 2948 est.
561 2893 606 2947 De
619 2873 769 2970 sterilitate
781 2888 947 2945 studiorum
961 2891 1022 2947 tota
1034 2887 1088 2947 hac
1100 2891 1185 2950 satird
1212 2943 1216 2952 .
1230 2965 1232 2974 y

171 2985 305 3064 loquitur
317 2981 485 3066 luvenalis,
500 2997 530 3044 et
543 2997 701 3064 postquam
720 2985 856 3063 exposuit
874 2984 1041 3062 complures
1055 3005 1091 3043 ex
1104 2979 1184 3044 cele-

170 3081 273 3143 bribus
292 3057 400 3170 poe'iis
405 3085 499 3159 usque
520 3100 555 3139 eo
576 3081 683 3159 inopiae
702 3081 881 3158 pervenisse,
895 3092 930 3137 ut
947 3079 1051 3138 balnea
1066 3083 1184 3154 Gabiis,

172 3193 206 3235 ut
218 3181 319 3238 Romae
334 3163 435 3237 fumos
449 3178 486 3235 ad
500 3177 695 3235 victitandum
709 3177 923 3246 conducerent,
939 3196 974 3234 ex
989 3177 1083 3255 iisque
1097 3167 1185 3237 etiani
1245 3191 1250 3202 ¹

171 3274 306 3332 nonnulli
320 3275 383 3332 fieri
397 3293 544 3353 precones
557 3273 638 3330 haud
652 3272 841 3344 erubescere,
856 3273 893 3330 ad
907 3271 1107 3331 Thebaidem
1095 3295 1184 3352 ‚quae

168 3357 242 3428 'tunc
257 3371 397 3430 Romanis
416 3372 448 3428 in
465 3369 577 3434 deliciis
595 3382 676 3443 erat,
691 3371 787 3441 renit3
802 3369 933 3447 dicitque
954 3369 1102 3440 Statium,
1112 3371 1185 3429 tanti

171 3467 298 3524 hominis
313 3471 448 3544 po'e'tam,
461 3466 505 3525 nil
521 3479 625 3544 praeter
646 3465 774 3522 famam
766 3485 882 3523 manem
896 3485 957 3522 esse
971 3477 1182 3542 consecutum,

172 3562 324 3658 longeque
331 3563 438 3622 melius
449 3583 477 3620 er
469 3563 592 3632 fuisse,
604 3564 645 3632 si,
659 3561 760 3620 relicta
773 3563 870 3639 poesi,
882 3581 1009 3638 quacum
1022 3563 1183 3638 esuriebat,

170 3659 209 3739 ad
228 3647 407 3736 lenocinium
427 3676 457 3717 se
478 3659 664 3729 contulisset,
684 3659 872 3736 lapidemque
892 3662 1024 3734 aliquam
1044 3663 1184 3743 ariagnem

171 3735 304 3816 histrioni
323 3758 418 3817 Paridi
440 3758 677 3837 suppeditasset:
699 3758 754 3816 hac
774 3759 854 3814 enim
875 3769 936 3815 arte
956 3758 1073 3835 potius,
1094 3778 1184 3836 qnam
1273 3784 1275 3792 ¹

171 3853 301 3934 poeticl,
312 3855 437 3912 Statium
452 3857 552 3912 Romae
566 3853 705 3911 ditescere
715 3853 855 3932 potuisse.
870 3857 1016 3909 Intactam
1029 3872 1098 3930 ergo
1107 3858 1185 3929 Agu-

173 3970 248 4022 oen,
271 3949 328 4010 hoo
352 3963 417 4024 est,
439 3954 514 4008 nulli
534 3954 599 4007 viro
625 3963 754 4018 tactarn,
779 3952 852 4006 nulli
873 3952 1018 4025 cognitam
1037 3953 1183 4026 puellam.
1205 3965 1208 3968 '
