2924 4662
354 290 359 294 ’
419 309 978 388 ιιιιιιιιιιι.ιιιιιιιιιιιι.
1143 309 1205 404 307

199 443 279 505 aulea
294 445 448 504 damnatus
468 455 531 516 est,
548 465 617 504 oum
637 431 716 501 οιιιιιὶ
737 441 874 521 progenie
889 459 959 500 ana:
974 437 1155 518 usqueadeo
1168 452 1203 496 ut

199 542 290 599 filiam
307 543 369 621 ejus
381 541 521 618 virginem
531 541 648 618 juberet
659 545 778 596 ‘senatus
790 555 807 595 a
821 537 953 596 carnifice
965 535 1103 614 stuprari,
1119 547 1148 592 et
1160 535 1201 592 sic

199 637 314 708 occidi,
328 648 362 693 ut
372 638 438 716 jure
450 635 598 694 videretur
611 631 699 694 luisse
714 632 816 690 occisa.

202 768 206 782 ·
240 739 315 800 Ibid.
333 743 408 798 Orbe
424 743 571 810 secunda]
586 739 662 810 Quia
681 739 833 816 praefectus
849 737 923 798 Urbi
941 736 999 795 fuit
1011 737 1073 816 (5),
1086 755 1201 795 venera-

199 837 284 908 bilis,
297 836 443 895 secundus
456 856 472 894 a
486 840 595 894 Caesare
609 833 734 892 Tiberio.

181 957 203 988 ··
239 945 274 998 V.
291 941 339 999 65.
356 943 438 998 Po'ne
450 943 532 998 domi
542 944 660 1008 lauros]
674 939 737 996 Hoc
751 938 832 1016 quasi
847 936 975 1016 populus
988 936 1129 1014 loquitur.

238 1042 273 1096 V.
291 1039 340 1095 66.
359 1039 559 1112 Cretatumque
578 1037 695 1104 bovem]
717 1033 889 1092 Candidum.
903 1032 983 1104 Quid
998 1032 1068 1104 tibi,
1084 1033 1198 1111 inquit,
1264 1043 1268 1053 '

198 1134 311 1213 prosint
324 1133 389 1204 Dii,
404 1150 472 1190 cum
485 1133 588 1211 Sejano
601 1129 675 1188 nihil
690 1129 870 1208 profuerint:
886 1142 920 1185 ut
932 1130 1083 1188 Lucretius
1096 1151 1103 1185 ι

374 1249 546 1313 cretatumque
558 1248 647 1296 bovem
661 1246 720 1294 duci
729 1246 759 1294 ad
769 1246 888 1311 Capitolia
900 1261 995 1310 magna.

237 1347 275 1408 V.
295 1339 340 1423 7ι.
359 1353 483 1407 Verbora
499 1363 529 1407 et
538 1371 566 1426 g.
585 1353 727 1425 epistola]
743 1349 836 1406 Multa
854 1369 921 1407 uam
937 1348 1133 1427 supe'rllua'ad
1146 1367 1199 1427 po·

198 1447 304 1528 pulum
318 1447 465 1526 principes
478 1446 571 1505 solent
585 1444 720 1504 scribere.

236 1548 273 1602 V.
289 1563 335 1617 72.
351 1551 379 1600 A
395 1546 532 1620 Capreas}
543 1542 640 1601 Insula
654 1541 686 1600 in
696 1539 858 1621 Campania.
872 1539 1028 1620 Virgilius:

376 1686 383 1699 .
404 1685 410 1698 .
430 1684 437 1699 .
457 1685 465 1698 .
484 1639 619 1699 'Teleboum
628 1649 725 1724 Capreis
736 1647 794 1698 cim
803 1664 878 1714 regna
886 1658 988 1698 teneret.

196 1744 242 1802 Ibi
255 1764 322 1803 nam
336 1745 413 1804 Nero
426 1743 581 1806 habitabat.

178 1900 180 1909 ,
233 1854 269 1906 V.
287 1858 336 1923 74.
349 1852 382 1907 Si
394 1854 497 1926 Nyrtia
512 1854 623 1920 Tuscu]
637 1851 793 1908 Fortunam
805 1847 870 1908 vult
881 1846 1005 1927 intelligi
1018 1850 1120 1927 ροὲιι,
1131 1869 1198 1936 qua

197 1942 276 2020 apud
286 1944 416 2020 Nyrtiam
428 1944 550 2013 colitur,
563 1945 642 2001 unde
656 1943 711 2001 fuit
723 1946 851 2023 Sejanus.

233 2041 270 2094 V.
280 2038 326 2111 76.
335 2041 480 2114 Hacr'psa.
481 2046 490 2109 ]
501 2043 566 2111 Qua
574 2038 620 2096 illi
630 2037 753 2097 detrahit
765 2039 935 2118 potestatem
946 2040 1075 2117 imperii,
1087 2054 1194 2102 secum.

113 2173 114 2176 ι
233 2136 270 2191 V.
286 2153 333 2205 77.
348 2137 395 2188 Ere
405 2155 461 2208 qno
472 2136 617 2209 suffragan
631 2155 669 2189 na
671 2137 721 2205 lli]
737 2135 772 2191 ld
785 2147 845 2206 est,
859 2155 894 2193 ex
905 2154 965 2212 quo
979 2155 1038 2194 non
1050 2150 1092 2195 est
1104 2139 1196 2218 impe-

195 2229 272 2288 rium
286 2227 407 2306 populi,
420 2229 501 2306 quod
514 2249 566 2307 per
579 2229 716 2306 suffragia
728 2229 847 2287 diversis
857 2231 970 2290 vendat.
982 2234 1044 2290 Hoc
1056 2247 1122 2312 post
1132 2240 1195 2294 Au-

193 2325 271 2403 gusti
287 2323 498 2397 monarchiam,
515 2345 550 2382 ex
563 2344 623 2404 quo
637 2328 827 2402 Imperatores
840 2345 900 2384 esse
914 2333 1073 2418 cooperunt.
1126 2341 1129 2350 '

232 2431 268 2486 V.
280 2429 327 2486 81.
337 2431 481 2487 Perituros
491 2432 580 2486 audio
595 2433 706 2486 multon
708 2436 718 2501 ]
730 2433 839 2488 Iterum
855 2429 909 2488 sibi
922 2430 1053 2510 loquitur
1065 2435 1194 2556 populus

192 2544 314 2605 pavens,
328 2545 396 2584 cum
410 2515 530 2605 Sejanus
545 2537 653 2584 tractus
665 2537 717 2584 est

229 2626 265 2682 V.
289 2628 338 2688 82.
362 2631 474 2702 Magna
495 2637 538 2682 est
546 2625 729 2708 fornacula-J
751 2623 862 2683 Multos
883 2619 971 2684 babet
994 2625 1096 2684 fornax
1115 2647 1193 2706 quos

191 2737 300 2782 exurat.
619 2751 622 2758 ·
1236 2797 1238 2800 ¹

228 2824 264 2876 V.
279 2822 326 2888 64.
338 2819 555 2894 Eaer'gatAjax.]
568 2814 701 2874 Tiberius
713 2817 790 2873 Nero
800 2818 883 2894 quasi
895 2817 1027 2888 ἰιιιιιιυι,
1041 2821 1191 2880 siinlerior

190 2913 278 2974 firerit
290 2917 321 2973 in
334 2915 432 2986 bello,
444 2928 496 2973 aut
510 2915 533 2972 si
547 2913 642 2970 scierit
655 2931 686 2969 se
700 2931 715 2968 a
729 2911 816 2970 nobis
827 2912 915 2970 luisse
928 2925 1137 2992 contemptum.

229 3014 265 3067 V.
280 3011 327 3068 85.
343 3014 382 3068 Ut
391 3015 468 3068 male
481 3012 634 3083 defensita]
649 3009 749 3066 Timeo
769 3027 807 3066 ne
826 3028 893 3066 eum
908 3009 1040 3068 Tiberius
1058 3015 1185 3088 occidat,

190 3101 258 3164 ciam
277 3126 308 3165 se
327 3107 404 3186 dicat
421 3128 439 3166 a
456 3119 556 3166 senatu
572 3104 647 3164 mala
667 3103 840 3176 defensum,
859 3115 889 3162 et
905 3125 1008 3184 parum
1022 3107 1164 3197 aliquid'
1156 3133 1187 3169 ιιι
1286 3157 1288 3164 .

188 3203 324 3282 Sejanum
337 3181 454 3262 laetum.

224 3311 260 3365 V.
277 3311 324 3382 87.
339 3311 399 3366 Sed
412 3301 534 3366 videant
547 3308 769 3384 seroilProprie
787 3308 930 3386 66766766
947 3310 1020 3366 servi
1035 3329 1071 3368 ne
1087 3283 1186 3370 dicant
1270 3351 1274 3361 ·

184 3399 319 3462 dominos
332 3425 400 3463 suos
412 3404 449 3462 ad
464 3403 635 3461 trahendum
646 3421 704 3458 non
718 3403 898 3460 convenisse:
913 3421 951 3460 ne
961 3404 1183 3464 calumnientur.

185 3501 330 3570 Quoniam
340 3499 458 3576 dederat
465 3500 553 3557 servis
561 3508 742 3574 potestatem,
754 3509 787 3554 ut
798 3497 896 3556 liceret
905 3498 1039 3560 dominos
1049 3520 1181 3562 accusare

161 3621 164 3629 ¹
185 3595 365 3673 quibuslibet
376 3596 545 3676 criminibus
556 3615 562 3650 :
576 3611 612 3652 ne
623 3611 691 3670 ergo
702 3591 843 3650 indicium
853 3594 890 3652 de
904 3594 1029 3654 domnis
1040 3597 1183 3672 facerent,

184 3691 317 3753 dminus
328 3697 468 3752 Caesarem
481 3679 659 3750 indicnent
672 3690 702 3746 in
715 3709 835 3767 corpore
850 3691 951 3770 Sejani.

221 3801 258 3856 V.
273 3817 322 3874 9⁰·
337 3802 422 3856 Visne
433 3801 573 3868 salutari]
584 3799 647 3854 Hoc
659 3797 741 3875 quasi
752 3815 788 3854 ex
801 3816 922 3874 persona
934 3802 1026 3876 poetae
1038 3801 1180 3861 inseritur.

222 3896 320 3978 V.21.
330 3897 465 3954 Summas
477 3896 586 3968 donare
597 3897 726 3966 saraba]
741 3893 880 3955 Consules
893 3895 993 3972 faeere.
