2930 4660
362 333 539 398 NOTAE
563 333 623 398 IN
647 332 979 441 JqunnLEtn.
1115 333 1175 413 163

167 459 878 536 “metumvetemnpemnmqu
895 457 1025 516 iuvariis
1042 459 1178 536 entim

167 554 417 614 riorumcimeliis
429 566 621 612 movantur.
634 557 674 612 Η.

169 711 201 751 v.
222 687 295 776 187.
318 687 418 750 Plena
435 685 553 751 domus
568 685 639 749 libis
654 681 854 774 venalibus]

209 826 247 884 ld
260 837 322 896 ost,
336 824 479 904 panibus,
492 845 529 884 ex
543 824 656 903 glossa:
671 825 713 882 sic
727 823 889 903 Rigaltius,
902 836 932 882 et
946 823 1179 904 Iltpbeleugius,

171 923 246 982 bene
263 944 271 978 ε
288 933 319 980 at
333 925 412 978 lebni
423 923 576 978 venalibus
590 921 747 993 Pithoeus,
758 921 845 982 male.
866 923 904 978 Η.

171 1077 203 1120 r.
224 1053 296 1139 193.
319 1053 388 1117 Nos
399 1053 516 1116 urbem
528 1052 667 1116 colimus
678 1051 769 1116 tenui
781 1051 918 1116 tibicine
930 1051 1045 1116 fultam

321 1151 440 1241 Magni
453 1167 544 1240 parte
557 1149 619 1214 sui.
633 1150 665 1214 N
666 1172 719 1214 am
731 1149 778 1214 sic
790 1150 975 1214 labentibus
987 1151 1095 1216 obstet

321 1250 476 1331 Villicus,
489 1265 523 1314 et
534 1250 650 1313 veteris
665 1249 755 1312 rime
766 1251 910 1318 contexti
921 1249 1065 1328 hiatum,
1112 1269 1118 1292 ¹

323 1349 461 1412 Securos
480 1345 641 1436 pendente
657 1346 749 1432 jubet
764 1343 908 1410 dormire
923 1345 1049 1434 ruine]

166 1503 169 1507 ·
212 1491 382 1546 Itaomnes.
400 1489 462 1566 Ego
482 1487 598 1546 duabus
616 1483 755 1546 litterulis
774 1485 935 1546 immutatis
953 1485 993 1545 itu
1013 1485 1184 1546 iuvenalem
1294 1573 1297 1583 Ι

175 1584 391 1644 emendandum
404 1584 538 1642 existimo
550 1605 558 1641 τ

352 1735 460 1749 .....
473 1702 537 1749 Nam
552 1701 588 1748 sic
607 1697 752 1748 lnbentibus
769 1697 812 1766 (id
829 1708 882 1762 eat,
895 1700 947 1749 cito
965 1699 1086 1764 lapsuris,
1099 1713 1184 1749 usura

385 1777 670 1847 minitantibus)obslat

348 1859 471 1918 Villicat,
484 1869 509 1908 et
522 1861 611 1908 veteris
621 1861 690 1908 rima
703 1859 758 1906 olem
772 1857 835 1910 texit
845 1857 956 1918 blatum,
1208 1889 1211 1896 ·

350 1943 456 1990 Secuto·
469 1935 594 2004 pendente
604 1938 648 2004 (id
656 1949 705 1998 est,
713 1939 890 2006 impendente)
901 1938 974 2005 jubet
982 1937 1092 1987 dormire
1105 1935 1185 1986 rainl.

177 2044 224 2102 sic
239 2041 335 2102 obstat
349 2042 532 2118 labentibus,
546 2042 579 2100 id
596 2053 657 2114 est,
670 2042 812 2120 appositis
829 2041 998 2100 tibicinibus
1015 2041 1185 2112 levissimis,

177 2141 273 2199 obstat
283 2141 391 2199 casuris
402 2139 530 2198 aedificiis
540 2141 667 2198 ruinosis
677 2151 708 2197 et
718 2140 848 2209 rim0sis,
860 2138 920 2198 lubi
929 2139 1051 2216 parietes
1061 2137 1187 2198 caducos

177 2236 325 2314 probibet.
340 2235 377 2294 ll.

176 2371 209 2413 v.
231 2352 303 2430 204.
319 2361 321 2366 ’
330 2395 632 2416 .........
658 2347 726 2412 Nec
742 2369 810 2412 non
827 2362 860 2411 et
873 2345 1023 2436 parvulus
1036 2344 1122 2410 infra

280 2509 283 2516 ,
327 2447 528 2528 Cantharus,
551 2461 584 2512 et
612 2446 771 2512 recubans
800 2445 862 2511 sub
892 2444 999 2510 eodem
1028 2465 1187 2516 marmore

376 2544 530 2608 Cheiron.
542 2543 555 2632 ]

219 2667 389 2747 legendum
404 2680 493 2746 puto:
509 2680 539 2726 et
555 2665 698 2728 recubans
715 2666 772 2726 tub
790 2669 876 2724 ende
892 2683 1036 2729 marmore
1049 2663 1186 2728 Cheiron.

162 2817 165 2824 ⁴
181 2768 251 2824 Orta
269 2765 392 2836 menda,
406 2777 441 2823 nt
455 2785 531 2844 sape
547 2765 635 2836 alias,
649 2785 666 2824 a
680 2765 853 2843 repetitione
869 2762 971 2821 litterae
985 2783 1023 2822 m.
1040 2763 1102 2823 Sub
1116 2781 1188 2822 oen-

179 2861 262 2929 tharo
276 2863 434 2934 recubans,
446 2861 478 2920 id
491 2874 554 2932 est,
567 2875 618 2920 ant
631 2862 661 2919 in
675 2861 830 2932 cantharo,
842 2872 892 2919 aut
905 2861 936 2918 in
949 2859 1024 2938 pede
1038 2861 1101 2940 ejus
1113 2879 1189 2918 mar-

151 2977 155 2996 ·
180 2977 299 3030 moneo,
318 2959 349 3016 in
369 2979 429 3037 quo
450 2963 611 3018 Centaurus
630 2957 756 3018 Cheiron
771 2959 864 3037 jaceat
881 2957 994 3033 sopitus
1007 2957 1093 3028 vino;
1107 2969 1142 3014 ut
1159 2956 1189 3014 in

159 3073 164 3084 ·
180 3055 270 3114 altero
285 3055 366 3134 apud
379 3055 523 3126 Plinium,
534 3054 587 3113 lib.
598 3057 749 3124 XXXIII,
762 3073 826 3133 cep.
840 3072 892 3123 ra,
907 3064 1036 3130 satyrum
1049 3052 1080 3110 in
1094 3051 1190 3132 phiala

180 3164 330 3230 gravatum
347 3171 450 3212 somno
467 3151 654 3211 collocavisse
669 3150 767 3208 verius
784 3145 875 3228 quint
896 3147 1010 3207 oaeletss
1030 3147 1127 3208 dictus
1146 3159 1190 3206 est.

181 3249 371 3308 Stratonicus.
389 3253 422 3308 C.
574 3250 576 3256 '

66 3369 69 3382 '
132 3353 136 3361 ⁶
181 3390 211 3436 t.
229 3371 304 3436 218.
327 3371 405 3434 Hoec
423 3369 615 3436 Asianorum
629 3385 736 3434 vetera
752 3383 940 3433 ornamenta
953 3365 1132 3454 Deorum]

221 3515 269 3570 Ita·
284 3510 424 3569 Pithoeus
442 3524 471 3569 et
490 3510 634 3589 Rigaltius
648 3530 684 3570 ex
696 3509 892 3570 vetustissimo
910 3507 1084 3586 exemplari,
1096 3507 1135 3566 ait
1147 3508 1192 3568 Pi-

183 3606 306 3678 thoeus‚
321 3608 416 3667 bene:
434 3621 463 3666 at
484 3605 717 3686 llapbelengius,
737 3607 994 3674 Phoecasianorum
1002 3647 1013 3678 ,
1029 3604 1077 3666 vel
1095 3608 1191 3664 Fece·

182 3704 330 3760 sicanorum
337 3747 348 3775 ,
365 3703 447 3782 quod
461 3702 605 3783 improbo.
622 3707 659 3762 H.

182 3837 213 3882 v.
230 3805 303 3884 218.
326 3819 606 3884 Pkoecasianorum
622 3833 729 3882 vetera
745 3817 935 3880 ornamenta
954 3813 1127 3903 Deorum]

222 3944 364 4020 Legerem
378 3941 443 4002 heic
456 3941 563 4002 lubens
576 3939 823 4000 Plroecasiatorum
830 3962 841 4008 ,·
857 3959 924 3998 nam
937 3938 1194 4002 Phaecastanorusn
