2922 4672
279 331 340 397 130
490 319 531 395 ll.
555 326 621 394 ET
644 331 680 394 C.
703 325 1062 395 VALESIORUM

401 453 540 543 Navigio
555 469 699 518 montem
716 453 938 542 (Parnassum)
955 451 1111 536 ascendit,
1125 469 1290 544 sortesque

490 553 653 642 poposcit,
666 551 746 639 etc]

315 699 343 754 A
355 687 497 752 Themide
509 692 628 750 scilicet.
639 691 676 752 Id
687 704 746 764 est,
760 693 867 750 nostris
880 693 973 750 satiris
984 693 1131 770 carpimus
1142 692 1290 770 quidquid

275 791 313 852 ab
327 791 398 850 orbe
411 789 531 850 condito
547 809 634 870 prave
648 802 763 868 gestum
777 802 822 848 est
837 791 959 861 timore,
971 790 1030 860 ira,
1043 799 1100 848 etc.
1119 791 1155 848 Et
1169 789 1289 868 quando

275 879 395 948 uberior
408 885 497 965 quam
512 903 591 946 nune
604 888 743 946 vitiorum
756 887 858 966 copia,
870 879 933 946 a'lea
952 885 1071 965 quando
1085 885 1140 945 hos
1154 887 1290 946 animos?

276 983 389 1064 supple
402 984 511 1041 babuit.
530 984 568 1062 ῌ.

274 1127 306 1170 r.
326 1104 381 1191 89.
407 1095 448 1168 .’.
473 1153 482 1168 .
505 1151 514 1168 .
539 1151 547 1168 .
570 1103 684 1192 Neque
698 1104 786 1168 enim
804 1103 917 1170 loculis
932 1103 1165 1168 comitantibus
1178 1105 1244 1170 itur

402 1203 456 1266 Ad
471 1221 581 1266 casum
598 1188 733 1284 tabule,
748 1203 851 1292 posita
867 1201 922 1266 scd
940 1201 1065 1278 luditur
1078 1203 1178 1290 arca]
1264 1211 1266 1214 ’

314 1340 360 1394 Ita
374 1355 476 1396 omnes
490 1335 779 1416 editioneszegosic
792 1335 969 1415 interpungo
983 1358 990 1393 :

451 1487 458 1502 .
477 1485 483 1499 .
503 1487 510 1502 .
529 1485 536 1498 ·
553 1453 607 1502 Nec
620 1453 688 1499 enim
699 1451 790 1500 loculis
802 1451 982 1500 comitantibus
991 1452 1060 1500 itur:

450 1531 493 1580 Ad
505 1547 590 1580 casum
602 1530 696 1621 'tabule
709 1530 791 1598 positd
804 1529 848 1579 sed
861 1531 960 1580 luditur
972 1531 1036 1581 arcti.
1110 1601 1139 1659 H

276 1737 305 1780 v.
322 1735 378 1802 91.
405 1713 518 1778 Proelia
534 1727 656 1803 quanta
674 1709 740 1778 illtc
755 1712 975 1804 dispensatore
987 1712 1113 1780 videbis

401 1812 589 1902 Armigero,
601 1809 690 1902 etcl]

314 1953 350 2012 Id
368 1965 428 2023 est,
446 1965 570 2032 quantas
589 1953 665 2010 rixas
685 1961 715 2010 et
736 1971 848 2032 pugnas
868 1952 982 2012 videbis
1004 1953 1218 2033 dispensatore,
1237 1957 1290 2032 qui

276 2051 431 2110 dominum
449 2062 566 2108 secutus
581 2062 626 2108 est
645 2061 674 2108 et
694 2069 790 2108 arcam
809 2049 922 2120 attulit,
938 2071 1017 2108 arma
1032 2063 1166 2130 gerente,
1184 2063 1214 2109 et
1227 2053 1289 2110 cla·
1335 2133 1337 2137 ,

275 2161 373 2208 munte
387 2149 504 2228 quoties
519 2147 557 2207 de
569 2167 635 2206 arca
649 2147 762 2207 domini
777 2147 974 2226 promendum
987 2159 1039 2205 est.
1054 2149 1091 2205 Η.

182 2321 186 2328 ·
275 2305 307 2346 v.
324 2303 369 2372 99
372 2326 674 2345 .........
699 2277 798 2343 Jubet
816 2302 834 2342 a
852 2301 999 2367 praecone
1015 2278 1122 2344 vocari
1177 2337 1181 2344 .

403 2381 493 2470 Ipsos
514 2375 740 2467 impugantes]

315 2519 393 2598 Ergo
405 2537 517 2598 praeco,
530 2525 583 2574 aut
594 2516 735 2595 praeconis
746 2512 841 2574 vicem
855 2536 957 2594 gerens
969 2536 1068 2576 servus
1080 2517 1240 2578 advocabat
1251 2519 1289 2578 ad
1374 2591 1377 2598 Ι

276 2615 439 2695 sportulam
453 2612 653 2690 accipiendam
672 2612 802 2690 singulos
823 2632 876 2671 suo
898 2634 1048 2694 quemque
1063 2617 1182 2674 nomine
1195 2629 1225 2676 et
1240 2637 1290 2676 or-

275 2713 357 2771 dine.
378 2712 572 2785 ijugenos,
593 2702 634 2767 sic
655 2709 730 2768 solet
746 2729 850 2768 vocare
871 2711 1001 2783 nobiles,
1019 2713 1170 2790 patricios,
1188 2725 1218 2771 et
1238 2715 1291 2792 qui

277 2809 461 2888 magistratus
473 2817 596 2885 gerunt,
609 2805 693 2886 quasi
711 2806 732 2864 ii
749 2806 787 2864 ab
800 2811 898 2866 Aenea
912 2808 1034 2886 ejusque
1049 2809 1223 2881 comitibus,
1237 2811 1291 2888 qui

276 2903 354 2968 Alba
368 2902 483 2964 colouil
498 2901 550 2962 sua
565 2901 665 2984 relictd
680 2906 806 2962 Romam
820 2903 1011 2974 transierunt,
1025 2925 1116 2983 genus
1134 2905 1290 2970 deducant.

277 3006 372 3073 Certe,
381 3013 454 3062 teste
461 3000 572 3071 Servio,
579 3003 670 3059 Varro
679 2999 717 3058 de
726 3000 858 3080 Trojanis
866 2999 984 3060 familiis
993 3001 1102 3060 librum
1110 3004 1291 3082 conscripsit,

276 3112 307 3160 et
319 3097 400 3179 apud
413 3095 570 3176 Virgilium
590 3096 621 3154 in
640 3095 770 3156 Aeneide
792 3095 893 3154 multae
912 3116 930 3152 a
948 3099 1105 3156 comitibus
1124 3112 1154 3158 et
1170 3100 1207 3158 ab
1224 3102 1290 3178 ipso

277 3197 466 3254 littorariae
490 3203 590 3270 gentes
614 3194 753 3252 Romanae
777 3191 976 3252 deducuntur.
1002 3195 1178 3272 trojugenae
1202 3195 1292 3256 Sillus

277 3293 385 3374 passim
398 3294 547 3368 Rompnos
562 3287 698 3368 appellat.
715 3289 764 3346 Η.-

276 3437 306 3482 v.
326 3413 388 3482 106
390 3458 632 3480 .........
655 3409 746 3492 Quid
761 3410 887 3478 confert
896 3430 1042 3502 purpura
1054 3413 1158 3503 major

422 3503 631 3596 Optandum?
644 3507 671 3570 si
685 3507 837 3571 Laurenti
854 3510 995 3573 custodit
1008 3510 1042 3573 in
1057 3531 1135 3598 agro

424 3605 608 3670 Conductas
629 3603 777 3668 Coroebus
794 3607 902 3696 oves]

316 3741 449 3818 Purpura
462 3738 571 3816 major,
586 3755 652 3814 quae
671 3749 701 3794 et
714 3737 812 3808 major
823 3741 919 3796 clavus
938 3739 970 3798 in
989 3738 1192 3818 propemptico
1207 3742 1292 3798 Metii

277 3837 386 3898 Celeris
399 3835 490 3896 Statio
504 3846 641 3915 vocaQr,
653 3845 697 3890 est
715 3837 793 3892 latus
810 3839 906 3894 clavus
920 3837 1002 3913 quod
1015 3836 1090 3894 forte
1104 3857 1192 3896 nemo
1205 3837 1289 3896 vidit.

276 3939 321 3995 De
335 3933 456 4012 antiquo
470 3931 596 3992 Corvino
609 3929 757 4010 loquitur,
771 3943 806 3990 ut
820 3943 894 4008 puto
908 3954 915 3989 :
930 3929 979 3992 hic
998 3933 1152 3994 libertinus
1167 3933 1291 4014 quidam
