2924 4662
303 391 365 458 292
528 361 671 434 vnrr.
697 358 1069 464 ιοιιιιιιιιιιιιι

300 505 351 551 aut
361 501 543 559 murmurem
554 489 616 547 sine
627 488 777 547 manibus:
789 487 890 566 quales
898 477 1031 546 videinus
1040 487 1072 544 in
1082 471 1176 558 Circo.¹
1186 488 1308 546 Hermas

299 587 490 662 Athenienses
506 597 572 642 ente
581 586 684 664 jannes
701 603 755 663 pro
772 583 911 662 religione
930 585 1040 663 positos
1053 581 1190 648 habuere.
1201 586 1237 640 ln
1250 581 1309 642 hoe

298 683 389 764 igitur
398 693 512 740 tentum
523 679 827 740 distuobHermuh's.
1291 668 1294 674 ’

333 784 369 838 V.
383 779 429 837 55.
440 781 590 841 Ammauu
601 783 701 848 mutu]
714 777 807 834 Etiam
818 776 850 834 in
859 773 1033 834 animalibus
1043 774 1134 848 virtus
1149 774 1308 852 quaeritur‚

300 897 360 936 non
373 895 473 956 genus.

337 976 374 1029 V.
394 973 441 1030 60.
460 975 498 1028 In
515 975 659 1046 aequore]
677 973 738 1027 Aut
756 970 788 1028 in
807 969 912 1038 Circo,
926 979 977 1026 snt
994 968 1025 1026 in
1045 969 1172 1046 Campo,
1186 968 1306 1046 quando
1367 1013 1369 1022 ,

297 1067 411 1130 bellurn
425 1079 486 1138 est,
500 1066 537 1124 de
552 1084 741 1144 quocumque
755 1064 866 1122 venen't
879 1077 1019 1124 armento.

336 1167 372 1222 V
391 1164 439 1221 61.
460 1163 587 1238 Coryse*
594 1164 773 1237 portentae]
794 1159 1001 1238 Coryfeorum‚
1013 1159 1044 1216 id
1064 1171 1122 1229 est,
1140 1148 1304 1239 equorum:

297 1261 329 1321 in
340 1259 449 1318 Achaia
462 1258 557 1337 prima
571 1257 708 1318 nobilitas
722 1255 787 1314 init.

335 1361 372 1415 V
388 1358 435 1415 62.
451 1357 585 1431 Hirpini]
604 1357 640 1412 In
657 1354 742 1412 initio
750 1352 894 1412 *Subinin
915 1352 1054 1431 Hirpinus
1072 1370 1157 1410 mons
1176 1364 1238 1424 est,
1251 1352 1305 1411 ubi

298 1451 402 1534 optimi
416 1453 496 1530 equi·
499 1462 667 1510 nascuntur.

336 1552 373 1605 V.
397 1549 444 1606 63.
468 1549 570 1604 Gratia
588 1549 670 1602 nulla
686 1547 860 1602 umbrarum.
868 1551 878 1615 ]
898 1547 965 1603 Νοιι
978 1544 1108 1603 attendit
1126 1543 1162 1601 de
1180 1564 1241 1622 quo
1257 1564 1307 1602 tu·-
1389 1539 1393 1546 ⁸

296 1654 395 1702 mento
419 1643 524 1700 venit:
551 1639 639 1702 nihil
646 1652 784 1719 prestent
810 1651 964 1717 parentes,
985 1639 1039 1717 qui
1063 1640 1147 1717 quasi
1169 1631 1304 1698 unrhram

296 1738 453 1817 quemdam
465 1735 603 1794 videntur
614 1736 753 1814 pubere.

334 1839 370 1892 V.
385 1834 432 1903 64.
448 1834 589 1892 Dominae
595 1853 633 1907 p.
648 1853 687 1889 m.
695 1834 771 1904 jun]
785 1829 1004 1890 Distrrhuntnr.

334 1933 371 1987 V.
385 1929 434 1988 65.
448 1929 626 2003 epirhedia]
641 1931 819 1988 Ornamenta
829 1927 986 1986 rhedarum
995 1928 1053 2006 (3),
1066 1941 1117 1986 nut
1126 1922 1261 2006 pluuffl.

334 2031 370 2086 V.
385 2026 433 2084 66.
448 2027 562 2084 nutam
577 2025 843 2096 versare21Molere
858 2026 889 2084 in
902 2026 1033 2102 pistrino.

333 2127 370 2180 V.
384 2143 432 2197 71.
445 2125 755 2198 Neronepropinquo.]
769 2124 814 2180 De
827 2140 888 2200 quo
901 2122 993 2200 magis
1005 2120 1109 2180 debuit
1121 2121 1300 2182 erubescere.

333 2223 370 2278 V.
389 2219 437 2276 83.
451 2221 620 2294 Etpropter
632 2221 745 2290 vitam]
761 2220 841 2276 Dum
855 2217 898 2276 vis
913 2218 1023 2289 vivere,
1038 2218 1079 2276 itu
1093 2236 1174 2296 ugos,
1188 2235 1224 2276 ne
1241 2219 1301 2290 vite

294 2316 431 2395 indignus
444 2314 575 2373 ridearis.

332 2417 373 2471 V.'
386 2413 433 2481 84.
449 2413 560 2487 Dr'gnus
574 2419 686 2482 morte]
703 2411 751 2470 sic
769 2412 921 2472 habendus
941 2412 993 2490 qui
1012 2423 1107 2470 morte
1120 2411 1226 2490 dignus
1239 2423 1300 2484 est,

294 2510 377 2590 qnasi
385 2510 446 2587 jem
457 2509 591 2586 perierit,
605 2508 674 2566 licet
687 2509 820 2585 quotidie
833 2509 951 2587 copiose
963 2509 1049 2567 rivet.

332 2605 408 2664 Ibid.
422 2605 696 2662 Coenetlicetostrea
706 2611 839 2676 centum]
852 2605 962 2662 Habent
972 2605 1040 2663 licet
1051 2605 1300 2684 tripodas-aeneos,

293 2697 655 2768 autumniautumni,
668 2709 698 2756 et
710 2709 805 2758 ostrea
820 2719 837 2758 ι
850 2699 916 2761 lucu
928 2701 1064 2760 Lucrino.
1080 2705 1200 2758 Cosmus'
1209 2702 1299 2760 luxu-

293 2798 387 2853 riosus
402 2794 475 2864 fuit,
490 2793 542 2871 qui
557 2791 664 2851 solium
681 2793 713 2852 in
729 2795 811 2872 qnod
825 2794 1034 2868 descendebat,
1049 2796 1151 2857 multis
1167 2795 1300 2856 diverso-

293 2911 418 2973 rumque
431 2901 650 2968 unguentorum
663 2889 805 2949 odoribus
819 2892 968 2950 miscebat.

330 2991 366 3045 V.
381 2987 429 3046 68.
444 2987 582 3044 Miserere
597 2990 715 3064 inopum
729 2989 891 3059 sociorum]
906 2989 1137 3050 Provinciniiunr.
1193 3017 1198 3064 j

330 3089 366 3142 V.
381 3085 428 3161 69.
441 3085 568 3141 Ετιιιοτα
581 3085 736 3152 medullas]
748 3083 893 3142 Exhaustn
905 3103 922 3142 a
934 3086 1105 3146 rectoribus.

331 3185 366 3237 V.
383 3199 430 3256 92.
444 3182 484 3236 Et
499 3181 603 3255 Capito
618 3191 648 3234 et
658 3181 811 3250 Numine]
828 3181 1005 3258 Spolintores
1021 3183 1178 3243 sociorum.
1195 3183 1302 3244 Cilices

292 3297 359 3338 nam
370 3277 469 3355 piretu
483 3286 560 3333 sunt.
573 3277 650 3354 Ergo
661 3274 805 3352 principes
820 3277 996 3356 piratarum,
1008 3292 1060 3338 aut
1073 3279 1244 3360 spoliatores
1256 3281 1300 3340 le·

292 3389 419 3434 tronum.
437 3371 538 3430 Bene'
529 3372 619 3450 rgitur
637 3371 807 3448 Capitonem
825 3385 854 3433 et
866 3377 1065 3449 Numitorem,
1079 3378 1178 3436 neseio
1191 3399 1299 3458 quem,

291 3474 378 3551 poete
389 3467 618 3560 repetundarum
631 3467 782 3528 damnatos
793 3490 811 3529 a
824 3483 942 3546 senatu,
955 3472 1028 3532 dixit
1038 3474 1143 3552 piratas
1155 3475 1298 3534 Cilicum.

292 3569 351 3626 sive
370 3577 491 3644 propter
509 3563 782 3644 depredationem'
773 3567 930 3645 injustum,
948 3570 1008 3628 sire
1026 3582 1061 3629 ut
1080 3590 1142 3632 eos
1150 3572 1299 3632 facinoro-

291 3667 380 3725 siores
391 3661 555 3722 ostenderet
562 3662 636 3740 ,qui
647 3663 753 3740 pirates
764 3663 836 3724 olim
850 3665 952 3726 Cilices
964 3667 1216 3745 exspoliaverunt.

328 3763 364 3817 V.
379 3759 426 3836 95.
442 3761 612 3816 Proeconem
629 3757 721 3817 Choer.
732 3759 808 3838 tuin]
818 3763 926 3820 Sensus
939 3761 987 3820 hic
1002 3765 1148 3842 est,·quid
1160 3766 1214 3824 tibi
1227 3787 1299 3844 pro-

291 3862 369 3928 dest,
382 3855 552 3933 Cherippe,
567 3855 592 3913 si
606 3853 760 3914 damnatur
770 3857 880 3935 judex,
893 3878 982 3936 quem
995 3871 1028 3918 tu
1039 3860 1238 3922 damnandum
1247 3884 1301 3922 ac-

290 3950 493 4025 eusosti,·eirm
509 3951 591 4012 illius
613 3971 759 4014 successor
785 3953 870 4030 plura
890 3954 1041 4018 ablaturus
1060 3959 1098 4020 sit
1114 3959 1190 4020 ruit
1203 3963 1301 4042 Magis
