2930 4660
347 341 520 410 uorsa
543 343 601 410 ru
624 342 955 410 suvnuasan.
1094 343 1154 432 159
1189 399 1191 411 .
1241 389 1249 414 ι

153 463 346 526 moechorum.
361 469 459 536 Potest
472 478 568 532 umen
581 465 706 546 quilibet
718 467 843 548 priscam
855 467 1010 530 lectionem
1020 469 1157 538 retinere,

153 563 179 622 si
190 561 271 622 velit.
293 563 330 634 Η.

154 724 184 765 v.
201 704 253 780 dd.
279 701 387 784 Quem
400 703 496 768 toties
509 702 589 768 texit
596 705 734 792 partimi
743 703 822 774 uitta
835 702 941 768 Latini
952 700 991 792 i]

195 841 364 920 aagendam
387 843 461 908 forte
480 855 525 902 tat
538 846 675 920 parium:
693 844 748 902 nisi
762 847 927 920 periturum
946 829 1118 907 referamus
1122 841 1159 901 ad

156 940 257 998 mortis
271 937 450 1003 disuim
441 960 473 998 ιιι
490 957 551 1020 quo
568 952 699 1000 amatur
715 939 847 1018 mahat
864 941 1082 1021 superveniente
1095 959 1160 997 ma-

155 1035 221 1092 rito.
222 1015 281 1092 H.

155 1193 188 1240 t
210 1176 264 1240 51.
288 1165 430 1262 Quohtm
449 1172 517 1242 non
533 1175 643 1242 timeat
657 1175 898 1267 pateroscula.]

197 1320 235 1373 Α.
250 1315 377 1385 Gellius,
391 1315 444 1374 lib.
460 1320 506 1388 X,
519 1337 583 1404 cap.
600 1318 638 1377 ιι
652 1335 688 1386 ιι,
703 1317 828 1388 Catone,
839 1316 928 1380 refert
941 1315 1077 1381 mulieres
1090 1317 1161 1380 olim

159 1415 259 1475 Romae
281 1425 368 1490 atque
391 1411 422 1471 in
446 1414 528 1474 Latio
555 1411 710 1474 abstemias
736 1413 843 1484 fuisse3
864 1412 1109 1491 institutumque,
1128 1426 1163 1475 ut

160 1509 286 1584 cognatu
299 1512 426 1570 osculum
440 1507 567 1582 ferrent,
582 1507 822 1592 deprehendendi
834 1506 936 1580 causi,
948 1520 983 1570 ut
997 1508 1071 1568 odor
1083 1509 1163 1572 iudi-

155 1606 241 1664 'cium
254 1605 379 1680 faceret,
394 1605 418 1663 si
432 1605 582 1664 bibissent.
597 1606 677 1666 Malo
694 1617 791 1666 tamen
806 1604 843 1668 de
848 1605 975 1679 famosis·
987 1605 1166 1686 intelligere,

161 1719 232 1786 quas
243 1701 357 1784 cognati
370 1719 429 1758 non
443 1702 655 1760 osculabuntur.
669 1701 770 1772 Cicero
783 1700 814 1758 in
826 1700 927 1785 fragm.
944 1709 977 1770 4,
989 1699 1025 1758 de
1038 1699 1164 1778 Republ.

164 1800 288 1878 «Atque
307 1797 435 1856 etiamsi
454 1817 512 1874 qua
532 1810 594 1860 erat
613 1797 780 1868 famosa,
754 1817 781 1862 ei
801 1797 934 1905 cognatio
955 1795 1088 1860 osculum
1106 1816 1166 1857 non

162 1893 314 1951 serebat·
305 1919 339 1968 ‚a
354 1895 410 1952 nisi
402 1893 482 1964 h'aac
496 1894 533 1954 de
548 1893 660 1979 spurcis
673 1905 704 1960 et
716 1893 839 1972 impuris
852 1891 1041 2000 fellatricibus
1054 1891 1166 1962 intelli·-

159 1991 275 2068 anmus
297 1991 330 2048 C.

162 2127 253 2195 ato
254 2175 462 2194 .......
479 2128 576 2194 Vivat
589 2073 721 2210 Gabiis,
736 2129 864 2198 utvix'rt
881 2129 915 2193 in
929 2149 1026 2219 agro,
1108 2095 1110 2100 V
1140 2177 1142 2180 -

279 2223 376 2316 Vivat
391 2222 555 2311 Fidenis]

204 2365 266 2446 Ego
286 2364 384 2422 notavi
403 2362 435 2422 in
454 2361 651 2422 mediocribus
669 2363 770 2430 G'alliae
786 2359 928 2436 urbibus,
942 2365 1010 2426 licet
1028 2365 1171 2444 capitibus

163 2462 314 2542 gentium,
328 2459 537 2539 amphitheatra
550 2471 579 2518 ct
591 2459 715 2534 theatra,
727 2481 761 2520 ac
774 2482 873 2524 arenas
886 2474 915 2520 et
926 2462 1019 2520 circos
1032 2461 1103 2524 olim
1114 2463 1169 2526 sub

165 2557 305 2639 Romanis
313 2558 409 2638 Impp.
422 2556 524 2626 fuisse,
535 2568 570 2614 ut
578 2556 707 2628 Parisiis,
719 2559 895 2630 Suessionis,
907 2559 1024 2628 Meldis,
1034 2559 1170 2631 Pictavis,

166 2654 288 2732 ubique.
304 2652 378 2713 Vide
397 2653 537 2712 Notitiam
553 2671 648 2712 meam
669 2651 839 2714 Galliarum.
859 2655 926 2712 Fuit
945 2666 1041 2712 autem
1057 2654 1172 2712 Fidenis

163 2749 423 2830 'amphitheatrum'
435 2747 543 2806 Tiberii
567 2749 670 2812 saltem
693 2751 875 2830 principatu;
895 2751 950 2809 fuit
971 2763 1035 2813 tum
1054 2751 1174 2810 forsitan

21 2893 22 2896 ,
90 2915 94 2921 ¹
166 2845 299 2934 etiamst
315 2845 423 2904 Gabiis.
443 2845 621 2924 Spectaculis
641 2858 739 2908 autem
756 2845 883 2936 publicis
898 2847 1034 2904 mulieres
1047 2835 1172 2906 maxime

167 2943 316 3021 corrumpi
340 2943 496 3013 solebant,
517 2943 561 3000 uti
585 2961 686 3000 omnes
709 2943 863 3022 antiquarii
888 2941 991 3001 sciunt.
1011 2943 1083 3002 Vult
1104 2964 1172 3022 ergo

167 3039 264 3100 dicere
284 3037 449 3108 luvenalis,
470 3037 624 3101 amenas
645 3057 713 3116 qun
733 3039 765 3098 in
787 3059 854 3096 rure
877 3057 932 3096 suo
947 3029 1074 3116 'paterno
1096 3052 1171 3100 caste

165 3137 405 3212 continenterque
418 3125 506 3204 ¹vixit,
519 3135 542 3191 si
557 3133 665 3191 Gabios
679 3146 730 3190 aut
744 3134 866 3192 Fidenas
883 3153 915 3194 se
929 3135 1074 3205 conferat,
1087 3156 1124 3193 ne
1140 3137 1172 3195 ia

166 3232 212 3296 bis
232 3232 352 3311 quidem
375 3229 523 3300 nubeculis
544 3249 577 3288 ac
599 3231 690 3306 ,ferme
711 3231 784 3294 vicia
805 3231 937 3300 eamdem
959 3233 1118 3294 castitatem
1137 3251 1172 3290 ac

168 3329 376 3400 continentiam
389 3345 451 3392 stae
467 3338 653 3392 servaturam.
675 3327 713 3390 Η.

170 3491 198 3534 ι.
217 3491 269 3559 7⁰·
288 3469 481 3547 Personam,
497 3453 705 3555 thyrsumque
718 3481 827 3532 tenent
838 3484 870 3532 et
881 3468 1025 3558 subligar
1035 3469 1156 3560 Aona]

208 3613 254 3668 Ita
270 3605 358 3668 habet
376 3607 533 3680 Pithoeus
552 3619 676 3665 etvetus
695 3609 836 3687 interpres
854 3609 980 3688 explicat
997 3610 1053 3670 hoc
1066 3625 1174 3672 vestem
1269 3629 1272 3632 ·

170 3701 301 3782 tmgddi.
317 3704 376 3764 Sed
388 3707 469 3822 Acnc
484 3723 593 3766 nomen
605 3703 749 3782 ignotum.
765 3705 867 3764 Caeteri
881 3705 1008 3770 habent

309 3843 311 3846 ·
346 3851 691 3872 ··············
709 3821 943 3896 stamineam,
1029 3889 1031 3892 .

168 3887 277 4019 meiius
291 3945 421 4001 onum
441 3927 480 3994 Η
