2930 4660
361 370 533 439 norm
559 375 616 439 in
642 365 967 442 iuvunn‘nnn.
1101 381 1163 466 ‘209

165 507 231 582 post
244 507 392 572 peractum
406 499 577 556 sacrificium
596 517 726 556 reversus
744 517 812 556 eum
825 499 881 560 levi
895 501 994 578 aliquo
1007 501 1162 573 sacrifieioa

116 670 119 678 Ι
165 591 273 646 scilicet
282 591 494 669 tureplaeavit,
508 606 541 651 ut
552 605 580 650 et
592 597 710 650 Penates
728 613 780 650 seu
797 599 890 652 Lares.
902 599 1037 653 Nostrum
1049 602 1160 664 Iovem,

165 666 196 742 iil
203 696 270 836 lpst,
283 707 381 745 meum
394 691 511 758 lovem,
523 707 611 766 quem
625 688 708 747 domi
718 687 828 759 babeo,
842 691 926 768 cujus
941 690 1068 768 sigillum
1083 693 1162 752 domi

165 779 202 836 bu
224 801 268 838 eo.
290 785 322 840 C.

163 942 195 982 r.
219 917 267 984 86.
286 921 302 983 J
305 941 356 984 arn
373 943 503 1010 sequar,
515 937 546 986 et
559 943 666 1004 sacro,
680 921 925 1011 quodpraestat,
939 925 1001 986 rite
1012 907 1140 1012 peracto
1149 955 1166 1006 ‚¹

284 1016 363 1081 Inde
377 1017 509 1082 domum
518 1020 696 1106 repetam]

168 1217 171 1224 .
202 1163 247 1220 Sic
258 1166 452 1225 Latiniaeeuse
466 1167 613 1243 exemplar
622 1166 728 1225 habere
741 1167 780 1223 ait
788 1163 939 1225 Pithoeus:
953 1166 1023 1240 sed,
1033 1167 1099 1246 post¹
1111 1170 1160 1228 de

60 1291 63 1298 ⁴
163 1258 249 1316 letam
258 1280 282 1334 p
298 1260 438 1330 litteram,
455 1281 521 1318 sane
536 1275 626 1317 restat
636 1262 709 1320 hene
722 1274 773 1318 est.
794 1263 831 1318 Η.

162 1419 191 1460 v.
211 1420 262 1482 91.
284 1397 404 1462 Cuncta
416 1403 529 1478 nitent,
544 1400 655 1488 longos
671 1401 770 1464 erexit
780 1401 876 1484 janua
890 1423 1014 1484 ramos,

282 1497 323 1560 Et
339 1498 508 1560 matutinis
519 1513 667 1584 operatur
680 1499 758 1562 festa
775 1487 947 1586 lucernis]

201 1637 247 1694 Sic
265 1635 418 1707 Pithoeus,
432 1646 460 1693 et
475 1632 704 1714 Raphelengius:
719 1649 748 1694 at
762 1631 1160 1722 Rigaltius'operuntursesta

161 1735 279 1789 lucernis
292 1755 301 1788 :
316 1733 355 1789 ita
370 1744 398 1788 et
411 1744 494 1790 vetus
507 1733 646 1810 interpres
665 1733 809 1790 luvenalis
824 1733 970 1810 explicans
983 1737 1156 1808 sacrificant.

159 1825 195 1882 Εἰ
205 1827 265 1900 ipse
278 1827 412 1885 Pithoeus
428 1829 468 1885 sio
480 1827 543 1885 vult
558 1830 658 1907 reponi
672 1849 707 1886 ex
724 1827 836 1906 optimo
852 1827 1007 1907 exemplari
1022 1841 1050 1886 et
1063 1819 1160 1887 v'etus'ss

160 1923 278 1981 tissimo.
292 1927 401 1982 Tamen
415 1944 479 1981 mea
492 1925 564 1980 milii
580 1925 744 2002 conjectura
757 1945 816 1982 non
832 1924 984 2002 displicet:

331 2041 419 2096 Uncto,
434 2039 526 2094 nitens,
540 2039 627 2102 longos
641 2040 719 2086 erexit
726 2041 805 2102 janua
816 2054 912 2098 ramos,
981 2063 992 2083 t

329 2121 361 2165 Et
371 2118 498 2176 matutinis
508 2117 614 2179 operitur
623 2116 683 2180 festa
692 2119 811 2167 lucernis.

156 2225 231 2280 Nam
245 2233 400 2296 operantur
409 2213 529 2297 aquuid
542 2215 686 2281 refertur?
707 2220 743 2274 Η.

154 2393 185 2434 v.
206 2365 275 2432 105.
289 2367 468 2432 Arboribus
484 2365 628 2444 Rutulis,
642 2381 673 2426 et
692 2364 793 2427 Turni
803 2363 943 2452 pascitur
957 2383 1037 2452 agro

199 2539 202 2546 ¹
294 2465 424 2530 Caesaris
436 2477 620 2526 armentum.
972 2463 974 2467 '

194 2607 229 2664 Id
243 2619 300 2677 est,
316 2608 347 2663 in
358 2625 425 2684 agro
437 2607 604 2662 Ardeatino.
620 2605 666 2661 Sic
680 2599 834 2675 Martialis,
848 2601 900 2662 lib.
915 2607 988 2675 vu,
1003 2606 1077 2684 epig.
1096 2625 1129 2662 ru
1144 2625 1150 2660 2

326 2725 392 2772 Dum
405 2721 534 2770 Tiburtinis
542 2721 663 2768 albescere
672 2719 770 2768 collibus
779 2718 850 2778 audit
971 2748 975 2754 -

362 2803 468 2866 Antiqui
477 2802 559 2849 dentis
569 2801 635 2848 fusca
646 2796 746 2864 Lycoris
755 2797 830 2859 ebur,
913 2793 915 2800 '

326 2879 402 2931 Venit
413 2883 440 2928 in
452 2877 580 2928 Hercrrleos
588 2879 665 2926 eolles.

155 2985 191 3045 ld
205 2999 260 3057 est,
278 2976 371 3044 Tibur.
387 2983 433 3042 sic
447 2984 515 3042 alibi
529 3001 536 3039 t

329 3101 401 3149 Tibur
413 3102 441 3146 in
452 3061 595 3148 Heiordoum
609 3099 723 3164 mlgravit
733 3097 801 3163 sign
811 3099 923 3170 Lyeoris,

359 3179 448 3226 Omnia
458 3178 518 3225 dum
527 3176 582 3224 fieri
591 3177 694 3241 eandida
703 3175 780 3238 eredit
788 3175 835 3224 ibi:

151 3296 185 3339 ut
193 3283 265 3340 ebur
274 3275 390 3350 scilieet,
399 3275 446 3338 vel
457 3280 556 3337 dentes
572 3279 714 3336 eburneos
727 3267 946 3355 elephantorum
956 3263 1147 3359 Imperatoris,

152 3381 204 3456 qui
222 3379 260 3436 ob
273 3379 304 3436 id
321 3399 355 3435 eo
376 3376 597 3456 traducebantur
614 3377 754 3456 mitiores,
766 3387 799 3430 ut
819 3375 933 3432 dudum
951 3376 1098 3443 observavi
1110 3381 1147 3437 de

149 3487 280 3533 armento
300 3469 424 3532 Caesaris.
447 3473 605 3541 Caeterum,
621 3477 654 3527 ut
674 3469 819 3527 luvenalis
840 3479 869 3528 et
891 3473 1028 3529 Martialis
1047 3471 1147 3532 conci-

150 3571 275 3639 lientur,
289 3568 444 3626 dicendum
459 3581 501 3625 est
513 3566 626 3624 vetulos
639 3565 808 3644 elephantos
822 3565 858 3622 de
872 3581 1001 3626 armento
1017 3569 1146 3648 Impera-

149 3677 247 3724 torum
267 3668 480 3730 Romanorum‚
495 3661 575 3739 quod
590 3663 716 3738 ‚inagro
737 3661 894 3721 Ardeatino
916 3664 1100 3739 pascebatur,
1115 3669 1146 3726 in

133 3782 250 3840 agr-run
264 3761 449 3818 Tiburtinum
463 3760 508 3835 agi
522 3758 637 3826 solitos,
651 3755 732 3834 qubd
746 3757 776 3814 in
792 3777 826 3814 eo
840 3777 908 3834 agro
925 3759 1145 3838 elephantorum

147 3849 249 3916 dentes
263 3867 343 3914 aetate
359 3854 558 3934 flauesqentes,
566 3853 686 3930 pristino
700 3851 818 3932 candori
832 3853 969 3932 singulari
982 3854 1068 3936 hujus
1080 3861 1145 3918 coeli

145 3953 259 4030 solique
272 3951 411 4010 beneficio
424 3949 536 4009 restitui
545 3941 746 4024 credebantur.
769 3949 815 4020 Η.Δ
893 4019 898 4028 Ι
919 4019 926 4030 ⁸
958 4000 979 4030 ’Σ
1082 4019 1085 4030 ¹

933 4033 970 4103 14
