2868 4658
375 349 429 418 IN
446 349 624 428 JUVEN.
647 346 872 414 SATIRAM
893 348 993 412 XIV.
1130 348 1192 428 345

230 467 265 530 V.
281 492 348 550 279.
362 477 423 533 Sed
437 480 520 550 louge
535 477 596 533 Cal.
611 477 674 545 rel]
687 477 775 533 Urnae
793 470 895 530 similis
912 490 1011 540 mons,
1024 470 1091 529 inde
1104 472 1193 550 Calpe

191 561 222 624 in
235 582 362 628 extrema
376 571 490 649 Spania.

231 666 267 719 V.
296 665 363 722 280.
386 668 494 722 Audiet
518 668 586 722 Her.
610 677 644 722 st.
672 685 702 740 g.
729 667 839 748 solem]
859 661 1002 720 Gaditano
1019 662 1135 721 Oceano
1152 653 1197 721 sol

190 775 322 836 mergens
339 760 460 829 stridet,
476 773 510 817 ut
525 760 549 817 si
569 760 681 817 serrum
700 759 825 816 candens
847 758 879 816 in
897 775 973 834 aqua
990 757 1102 834 tinges:
1118 758 1194 816 ultra

189 852 322 911 Herculis
330 854 481 914 columnas
491 855 562 913 dicit
572 854 609 912 ad
617 851 696 912 mare
708 867 873 925 munuum,
884 852 961 910 ultra
970 851 1052 930 quod
1062 853 1194 930 navigare

189 968 248 1010 nou
259 951 437 1010 conceditur.
448 955 523 1010 Nam
534 952 574 1008 sic
587 951 737 1029 subjungit
749 972 755 1006 :

364 1054 459 1102 Oceani
467 1062 591 1110 monstra,
601 1062 626 1100 et
633 1052 739 1116 juvenes
748 1051 838 1100 vidisse
848 1051 965 1100 mannos.

225 1147 262 1201 V.
278 1147 344 1203 281.
363 1149 402 1202 Ut
411 1147 523 1220 tensos.
538 1148 656 1215 reverti]
670 1147 711 1202 Ut
727 1145 816 1223 pleno
829 1145 946 1202 sacculo
957 1144 1115 1203 revertaris.

227 1245 263 1297 V.
278 1242 345 1298 282.
362 1244 513 1318 Tumidaq.
527 1264 551 1298 s.
565 1245 616 1312 al]
631 1241 806 1312 Mantinon,
821 1241 852 1298 id
866 1253 927 1311 eat,
939 1242 1093 1299 mercibus.

226 1336 264 1394 V.
281 1337 348 1394 283.
364 1340 478 1394 Oceani
486 1359 524 1395 m.
540 1351 570 1394 et
572 1335 793 1409 juv.]'Tritones
807 1350 836 1396 et
847 1337 993 1396 Nereides.
1052 1361 1060 1375 ·

224 1437 261 1489 V.
276 1433 342 1500 284.
357 1437 414 1490 Ille
425 1436 549 1505 sororia]
562 1437 673 1491 Furens
683 1435 808 1491 Orestes.
818 1434 937 1511 Ifigeuia
949 1453 1031 1492 soror
1041 1435 1161 1492 Orestia.

126 1525 128 1530 ’
224 1528 263 1585 V.
278 1529 345 1586 286.
360 1531 415 1586 Hic
429 1532 497 1586 boae
505 1536 666 1605 pereussa]
681 1532 772 1609 Ajax,
788 1530 857 1607 quia
870 1541 900 1587 et
912 1529 974 1608 ipse
986 1530 1100 1588 insanit.
1149 1511 1152 1520 ⁸

225 1627 262 1680 V.
280 1625 346 1696 287.
361 1611 421 1681 Aut
430 1627 585 1696 Ithacum]
601 1625 736 1702 Ulyxem.

225 1719 301 1778 lbid.
315 1723 492 1778 Parcattuu.
506 1725 589 1792 lieet]
604 1722 744 1794 Quamvis
757 1741 787 1779 se
800 1741 860 1780 non
874 1721 1132 1800 conscendit(1n)‚
1147 1734 1192 1780 ta-

184 1834 252 1874 men
265 1815 379 1874 insanit.

222 1916 258 1971 V.
273 1930 340 1988 ²91·
356 1915 465 1971 Coaeis.
480 1921 553 1989 arg]
568 1917 604 1972 In
614 1913 810 1990 argenteolos‚
824 1912 883 1971 sive
893 1933 1040 1970 nummos.

223 2011 259 2064 V.
274 2027 342 2084 292.
359 2011 517 2065 Occurrunt
528 2011 636 2078 nubea]
648 2011 724 2086 Ergo
735 2008 791 2066 hoc
804 2009 891 2079 dicit,
906 2027 965 2066 non
977 2009 1090 2068 insanit.

223 2109 261 2162 V.
277 2113 344 2181 294.
359 2107 413 2162 Nil
416 2105 519 2179 fasciis
528 2106 633 2180 nigra]
648 2104 748 2161 Nubes
762 2104 858 2161 ductae
868 2123 921 2180 per
934 2105 1050 2160 coelum.

223 2203 259 2256 V.
275 2199 342 2276 295.
359 2201 503 2266 Aestivum
516 2205 617 2269 tonat]
630 2198 806 2256 Naturaliter
818 2198 880 2255 haec
891 2198 963 2255 dicit
973 2199 1144 2274 negotiator.

226 2300 263 2353 V.
278 2316 344 2372 297.
358 2300 398 2353 Et
404 2317 508 2353 zonam
519 2299 613 2364 laeva]
628 2298 663 2352 In
676 2315 735 2373 qua
749 2295 805 2352 fert
815 2293 933 2352 solidos.
1010 2317 1012 2321 ’

224 2397 261 2451 V.
276 2413 342 2470 299.
358 2395 446 2468 Quod
457 2397 553 2468 Tagus
565 2406 595 2448 et
602 2413 625 2448 r.
638 2413 667 2448 ν.
679 2393 835 2462 Pactolus]
847 2391 959 2462 Fluvii,
971 2411 1048 2450 unus
1058 2394 1188 2472 Spania,

121 2499 123 2503 ’
182 2488 353 2548 alterAsiae.

222 2588 258 2642 V.
274 2586 340 2642 300.
354 2586 474 2661 Fu'gida
489 2584 652 2658 sufficient]
665 2583 747 2654 Uda,
762 2595 813 2640 aut
826 2583 914 2640 nuda.

222 2685 258 2738 V.
275 2683 340 2740 302.
353 2685 429 2756 Etp.
444 2701 475 2737 se
486 2694 572 2755 temp.
584 2687 615 2750 a]
627 2683 706 2738 Dum
721 2680 864 2757 picturam
877 2679 1019 2757 uufragii
1032 2680 1080 2738 sui
1091 2693 1189 2759 portat
1276 2743 1277 2748 .

183 2779 214 2835 in
227 2777 340 2848 tabula,
354 2777 448 2834 ferens
461 2773 543 2834 castis
557 2775 603 2832 sui
616 2774 773 2832 historiam.
1226 2829 1230 2838 ,

221 2876 257 2929 V.
273 2874 339 2940 304.
354 2874 464 2929 Mr'sera
477 2883 521 2929 est
531 2874 632 2946 magui
639 2885 708 2929 cust.
724 2877 760 2941 0.]
773 2871 879 2928 Misera
891 2883 934 2929 est
947 2871 1079 2930 custodia
1088 2874 1186 2953 magni
1238 2888 1242 2894 ·

161 2969 357 3048 'patrimonii

181 3099 183 3109 ·
222 3069 258 3123 V.
273 3064 339 3122 305.
348 3065 498 3139 Dispositis
500 3066 600 3139 praed.
609 3065 789 3134 hamis.]Per
799 3062 1014 3122 translationem
1025 3064 1185 3142 disciplinae

177 3161 316 3220 'militaris
337 3159 554 3238 Sparteolorum
575 3166 695 3231 Romae,
714 3178 841 3237 quorum
862 3158 996 3218 cobortes
1014 3160 1045 3216 in
1063 3162 1184 3220 tutelam

183 3257 271 3317 Urbis
290 3277 359 3314 cum
377 3254 470 3314 hamis
492 3268 521 3314 et
542 3275 611 3314 oum
631 3276 706 3334 aqua
724 3255 836 3335 vigilias
856 3276 957 3314 curare
974 3270 1186 3316 consueverunt
1298 3283 1301 3292 *

119 3337 122 3362 ⁸
183 3355 374 3432 vicinis(13).'
436 3369 438 3378 ¹

221 3456 257 3509 V.
273 3451 338 3508 306.
353 3453 500 3507 Servorum
513 3463 596 3506 nocta
608 3453 725 3508 Licinus
730 3453 834 3522 jabet]
845 3449 964 3510 liomns·
971 3450 1022 3508 ille
1032 3469 1068 3508 ex
1079 3450 1183 3511 liberto

183 3547 298 3607 Claudii
308 3548 368 3619 ‚de
383 3567 443 3625 quo
456 3546 590 3625 superius
603 3545 694 3604 dixit:
708 3551 772 3622 Ego
778 3549 916 3622 possideo
926 3550 999 3624 plus
1008 3548 1144 3605 Pallante
1157 3562 1187 3606 et

182 3646 300 3706 bicinis.

184 3751 188 3759 “
220 3744 256 3819 V.
274 3740 339 3812 307.
353 3740 460 3815 Phryg.
476 3741 632 3808 columna}
647 3743 816 3796 Marmorea.

32 3823 34 3836 ¹
154 3831 157 3850 ⁴
219 3841 257 3894 V.
273 3839 338 3912 309.
357 3840 424 3896 Non
438 3838 542 3894 ardeat
559 3837 675 3910 Cynici]
693 3835 728 3893 ld
747 3849 804 3906 est,
817 3836 953 3914 Diogenis
963 3879 979 3908 ,.
988 3836 1039 3913 qui
1056 3836 1087 3894 in
1100 3836 1184 3896 dolio

172 3933 353 3992 'dormiebat
420 3955 422 3962 ·
