2818 4654
337 324 383 389 n.
410 324 560 392 suun
588 323 895 393 Juvnunms.
1074 329 1115 412 49

111 447 187 506 obss.
210 446 331 518 criticis,
346 467 419 526 quas
436 447 571 527 exemplo
588 448 736 508 Juvenalis
753 449 935 536 liminium
950 445 1115 519 tdleverat,

111 544 278 624 quibusque
292 543 360 602 inde
372 545 520 624 exscriptis
531 562 602 602 usus
615 555 658 602 est
670 543 754 602 Alex.
767 545 899 622 Ruperti.

379 693 505 757 XXIII.
527 691 637 758 Codex
655 691 848 756 Basdcensis.

145 854 192 909 Ex
212 871 249 910 eo
268 851 435 908 vadentem
458 850 591 910 lectionis
614 861 779 928 excerptam
799 849 883 906 dedit
901 851 1066 910 Westenius
1085 851 1116 910 in

107 948 181 1006 edit.
203 947 325 1005 Amstel.
346 948 438 1016 1684,
452 947 547 1019 in·8⁰,
560 945 613 1004 ubi
632 946 753 1004 ulterior
766 946 829 1024 ejus
842 945 998 1024 descriptio
1013 949 1117 1006 frustra

109 1044 261 1120 quaesitum.
1058 1053 1062 1061 '

328 1122 450 1186 XXIV.
473 1121 583 1186 Codex
599 1121 902 1186 Anntelodanemn.

150 1279 389 1356 Henninius,qui
397 1279 459 1356 ipse
468 1297 564 1354 neque
572 1296 607 1335 eo
616 1277 797 1335 codiceusus
805 1289 968 1356 est,neque
977 1265 1119 1336 editiones

110 1378 261 1455 antiquas,
277 1387 382 1454 praeter
392 1376 520 1453 priorem
537 1374 690 1453 Stephani,
703 1373 843 1444 contulit,
855 1374 892 1432 ad
904 1375 1013 1434 calcem
1025 1375 1119 1454 prole-

112 1491 304 1550 gomenorum
320 1469 506 1529 notabiliores
525 1468 612 1547 hujus
631 1471 697 1527 cod.
714 1470 853 1528 lectiones
870 1470 968 1541 dedit,
984 1470 1021 1528 de
1034 1474 1119 1550 cujus

91 1599 95 1610 =
113 1567 212 1626 indole
226 1587 263 1625 ne
276 1587 371 1625 nuum
386 1565 506 1645 quidem
520 1564 642 1624 verbum
657 1564 779 1623 addidit.

332 1714 435 1779 XXV.
453 1715 679 1802 Fragmentum
694 1715 898 1802 Erlangense.

150 1873 372 1939 Vetustissimos
393 1872 442 1931 ille
465 1871 557 1931 codex
584 1873 661 1930 satir.
688 1875 744 1942 VI,
765 1872 932 1948 ott-197,
948 1872 1115 1942 sot-661

115 1985 230 2030 tantum
244 1971 374 2030 continet
386 2014 394 2044 ,
408 1984 438 2030 et
447 1991 483 2030 eo
497 1989 569 2028 usus
583 1983 626 2028 est
637 1970 799 2030 Alexander
808 1970 940 2048 Ruperti.

152 2121 228 2181 Aliis
255 2120 341 2187 oodd.
362 2139 429 2178 mss.
452 2121 498 2178 usi
521 2131 589 2179 sunt
608 2119 764 2178 Salmasius
787 2119 875 2197 (Vid.
903 2120 942 2177 ud
965 2118 1120 2178 elenchum

112 2229 282 2275 nostrorum
295 2215 380 2276 codd.
398 2218 428 2273 n'
443 2215 551 2291 XVI),
566 2213 706 2291 Scaliger,
723 2215 787 2272 Nic.
800 2214 955 2284 Heinsius,
969 2219 1119 2286 Muretus,

113 2312 292 2390 Schegkins,
304 2315 464 2382 Mer-cerus,
480 2310 634 2378 Brodaeus,
648 2308 777 2379 Flavius,
789 2311 949 2379 Pontanns,
959 2309 1121 2366 Rittershu-

112 2410 179 2467 sius
189 2409 376 2480 ,'Claverius,
391 2407 562 2486 Scioppius,
579 2417 608 2464 et
625 2405 692 2476 elii,
707 2423 868 2482 eorumque
888 2405 994 2484 passim
1011 2406 1042 2465 iu
1061 2407 1121 2465 suis

114 2507 231 2586 scriptis
243 2505 403 2565 lectionum
414 2499 580 2564 uarietatem
595 2501 759 2562 enotdrunt.

154 2675 195 2732 Ν.
210 2676 247 2730 Β.
263 2672 289 2729 li
302 2684 369 2728 sunt
382 2669 512 2742 codices,
525 2670 577 2748 qui
595 2668 632 2744 ad
651 2667 731 2726 buno
751 2665 829 2726 diem
850 2669 1041 2729 innotuerunt
1054 2683 1119 2756 tum

114 2768 218 2837 nobis,
233 2780 296 2825 tum
317 2765 482 2824 Alexandro
502 2765 642 2843 Ruperti,
659 2775 689 2821 et
710 2762 773 2820 aliis
792 2764 909 2822 criticis.
927 2767 1007 2824 Inter
1026 2769 1120 2845 regios

59 2923 63 2930 ,
114 2863 202 2922 codd.
216 2860 353 2918 Biblioth.
368 2863 442 2939 lmp.
452 2873 510 2917 tres
521 2860 551 2916 in
560 2877 662 2916 manus
675 2869 786 2915 nostras
797 2878 857 2916 non
868 2873 1025 2932 venerunt3
1037 2863 1120 2920 ideo-

113 2979 174 3038 qnc
186 2959 224 3016 nb
238 2959 318 3016 omni
336 2958 483 3015 mentione
502 2975 605 3013 eorum
623 2954 827 3012 abstinuimus.
842 2956 916 3014 Satis
932 2957 984 3028 sit,
1000 2957 1038 3014 ad
1051 2979 1120 3018 con-

113 3050 1121 3133 textumnostriauctorisdennorecensendum,XXXVlcodd.qunnta

113 3153 267 3231 potuimus
279 3151 451 3221 attentione,
465 3151 539 3206 inter
551 3167 598 3217 se,
610 3159 639 3206 et
650 3167 718 3205 com
729 3147 906 3205 editionibus
922 3147 1034 3228 aliquot
1045 3153 1120 3231 opti·
1175 3211 1178 3217 ,

106 3243 887 3307 'miscontulisseldautenrinnostrilaboriscurriculo
894 3245 1118 3322 observavimus,

114 3346 178 3404 scil.
194 3346 269 3403 duas
279 3363 342 3402 esse
357 3342 444 3402 codd.
460 3341 599 3413 Rmilias,
614 3361 739 3419 quarum
754 3342 847 3419 prima
865 3354 908 3400 est
922 3347 1025 3403 veteris
1039 3345 1121 3406 sebo-

113 3442 205 3500 liastae
215 3440 341 3511 codicis,
352 3459 482 3519 quocum
494 3437 636 3497 consentit
646 3438 721 3496 inter
733 3449 847 3496 nostrus
856 3442 1001 3498 Puteanus
1009 3443 1119 3517 codex,

113 3551 144 3597 et
165 3538 313 3598 interdum
332 3537 424 3596 codex
444 3536 608 3605 Fanchetii;
625 3535 714 3592 altera
734 3535 843 3592 codicis
863 3536 1068 3612 Alexandrini,
1082 3542 1121 3600 ad

114 3655 207 3714 quem
218 3634 362 3692 accedunt
376 3651 477 3692 omnes
489 3631 538 3689 alii
551 3631 642 3689 nostri
655 3629 742 3688 codd.
757 3630 837 3688 unde
852 3633 1046 3712 suspicamur,
1060 3637 1121 3696 duo

115 3730 206 3788 fuisse
214 3729 389 3808 exemplaria
396 3727 433 3786 ab
444 3728 535 3804 ipsius
545 3725 670 3784 auctoris
681 3744 770 3784 menn
780 3725 919 3803 profecta.
931 3733 1031 3788 Unum
1043 3731 1122 3808 (for-

114 3839 189 3884 tasse
196 3825 337 3905 primum)
347 3835 404 3882 vet.
416 3820 507 3880 schol.
519 3820 679 3899 descripsit,
686 3821 810 3900 alterum
824 3833 924 3899 postea
935 3824 1122 3884 emendatum

115 3922 284 3981 nJuvenale
298 3921 349 3980 alii
365 3937 467 3980 omnes
488 3916 580 3976 secuti
597 3929 673 3976 sunt.
695 3918 791 3996 liujus
808 3917 850 3975 rei
868 3916 961 3975 multa
974 3932 1041 3976 sunt
1055 3941 1120 3998 quse
