2922 4672
269 345 332 421 111
480 317 1054 407 n.'·nr·c.·vatnslouuu
1156 415 1159 422 Α

262 464 395 534 inverso,
407 461 445 522 ¹id
467 477 527 535 est,
542 466 572 523 in
595 465 721 523 sublime
743 463 855 522 elevato
876 461 985 540 poculo
1005 459 1153 536 reliquum
1172 456 1276 514 vinum

263 559 304 617 sic
318 559 528 631 effundebant,
544 573 579 619 ut
589 561 621 618 id
635 571 800 630 resonaret3
814 573 843 616 et
857 558 932 617 nihil
944 557 982 616 ad
997 554 1168 615 elidendum
1181 553 1213 608 in
1224 571 1275 631 pa-

261 656 397 714 vimentis
407 675 512 714 sonum
523 677 560 714 ex
567 657 636 716 vino
645 656 860 733 relinqueretur
871 675 878 711 :
893 653 950 712 hoc
960 653 1104 710 vocabant
1113 649 1275 712 κοτταὲῑζειν.

261 755 307 810 De
319 753 373 810 hac
386 753 599 812 consuetudine
615 751 792 822 Parrhasius,
804 763 834 811 et
845 752 911 830 quis
922 751 1004 810 non?
1020 753 1053 808 C.

260 897 292 940 v.
318 899 390 940 112.
417 876 544 941 Horum
557 877 585 941 si
599 876 685 941 nihil
695 891 758 958 est,
773 879 878 940 nomm
893 873 1061 964 resupinat
1074 871 1205 960 amici]
1267 873 1277 902 ’“

298 1002 334 1057 In
353 999 421 1058 cod.
443 1003 506 1058 MS.
526 1001 615 1080 ampl.
631 1001 686 1059 viri
700 1001 819 1082 Henrici
833 999 982 1070 Memmii,
995 999 1026 1056 in
1047 1018 1109 1077 quo
1126 997 1274 1054 luvenalis

258 1095 411 1154 satirarum
425 1116 491 1174 pars
508 1096 633 1156 habetur
646 1099 790 1182 (scriptus
809 1110 908 1158 autem
929 1096 1023 1155 codex
1035 1089 1200 1180 principatu
1217 1097 1273 1151 Ca-

257 1190 314 1248 roli
325 1191 423 1263 Calvi,
436 1205 501 1251 ante
510 1213 600 1252 annos
612 1194 778 1272 feredoo),
790 1195 896 1274 legitur
906 1197 1007 1250 aulam
1017 1193 1167 1269 resupinat
1176 1191 1273 1260 amici,

257 1307 317 1344 non
340 1290 457 1358 aviam,
477 1301 506 1347 et
528 1290 690 1368 explicatur
711 1289 779 1349 notai
803 1289 996 1360 interlineari,
1019 1290 1137 1344 domum
1158 1289 1272 1356 evertit,

258 1384 351 1456 bene,
366 1397 400 1444 ut
413 1397 441 1444 et
455 1388 605 1464 sequentia
619 1388 741 1459 docent,
755 1387 864 1465 quibus
877 1385 934 1445 hoc
949 1384 1094 1446 cohaerere
1108 1383 1205 1442 debet.
1221 1387 1274 1440 Ile-

257 1481 395 1556 supiaare
408 1482 487 1539 enim
499 1494 541 1540 cst
547 1497 721 1558 pervertere.
736 1475 887 1541 Accius'in
899 1483 1063 1562 Antigona:
1079 1481 1179 1554 ·Quid
1188 1481 1274 1554 agis?

261 1579 437 1654 «perturbas
448 1599 508 1635 rem
521 1600 635 1638 omnem
640 1624 650 1652 ,
664 1603 700 1638 ac
712 1584 863 1657 resupinus
871 1602 959 1640 soror.
970 1605 981 1634 a
994 1581 1049 1638 Hie
1059 1579 1143 1638 locus
1154 1579 1274 1637 omnino

255 1674 414 1742 lectionem
425 1695 519 1733 meam
532 1677 685 1736 confirmat
697 1690 727 1736 et
739 1678 882 1750 illustrat,
896 1681 997 1734 aulam
1009 1679 1160 1752 resupinat
1167 1677 1256 1732 arnici
1260 1719 1271 1746 ,

256 1771 289 1830 id
303 1783 365 1843 est,
379 1773 476 1830 omnia
490 1793 595 1850 susque
610 1775 702 1852 deque
717 1776 820 1845 vertit,
837 1775 934 1834 omnia
939 1775 1106 1850 perturbat.
1129 1776 1162 1832 C.

259 1917 290 1960 v.
314 1885 376 1981 119
379 1945 822 1962 .............
847 1897 928 1962 Heio
946 1896 1005 1961 ubi
1020 1912 1132 1986 regnat

399 1993 596 2084 Protogenes
608 1995 735 2083 aliquis,
743 1997 793 2060 vel
800 1995 963 2084 Diphilus,
969 2011 1024 2059 aut
1034 1993 1273 2080 Hermarchus]

298 2115 346 2176 Sic
362 2119 393 2174 P.
412 2116 570 2188 Pithoeus,
586 2119 748 2196 Rigaltius,
764 2131 794 2177 et
812 2117 863 2176 alii
879 2117 954 2176 bene
969 2140 975 2174 :
991 2130 1021 2176 at
1038 2091 1271 2197 Raphelengius,

260 2227 316 2271 aut
326 2215 539 2290 Erymanthus,
555 2214 641 2274 male.
657 2217 694 2276 Η.
1028 2205 1031 2214 .

260 2359 292 2402 v.
315 2333 388 2401 130.
410 2337 463 2404 Ne
476 2338 567 2425 prior
580 2337 733 2402 Albinam
747 2351 803 2402 aut
818 2333 964 2404 Modiam
977 2337 1098 2429 collega
1112 2334 1258 2422 salutet]-

299 2457 399 2518 Editio
413 2459 533 2537 Rigaltii
546 2459 643 2517 bene:
659 2479 729 2532 nec,
742 2460 807 2519 aliae
820 2460 980 2532 editiones,
994 2457 1082 2518 male.
1098 2459 1136 2516 H.

261 2603 292 2646 v.
312 2585 374 2660 144
377 2627 757 2646 ............
776 2583 867 2646 Jures
880 2583 999 2646 liceret
1016 2580 1261 2646 Samothracum
1277 2605 1284 2620 ‘⁴

410 2677 451 2742 Et
464 2693 650 2742 nostrorum
663 2700 751 2760 aras,
764 2695 972 2744 contemnere
985 2679 1123 2744 fulmina
1134 2699 1260 2768 pauper

413 2773 597 2864 Credisne]

138 2968 142 2976 ⁴
219 2915 222 2918 ·
273 2867 276 2878 Ι
301 2901 347 2957 Ita
365 2917 477 2960 omnes.
491 2903 571 2978 Lego
584 2920 590 2955 :
601 2899 683 2972 juret
699 2897 786 2972 licet,
805 2912 862 2959 etc.
883 2913 972 2980 atque
992 2901 1033 2962 ita
1054 2900 1214 2981 legendum
1233 2861 1277 2960 est

263 2995 397 3055 indubie.
412 2995 450 3060 11,
541 3051 542 3055 ,

262 3137 294 3184 v.
317 3115 390 3206 159.
414 3117 467 3182 Sic
478 3117 608 3183 libitum
622 3141 727 3200 vano,
742 3120 799 3208 qui
814 3141 873 3186 nos
887 3119 1056 3202 distinxit,
1071 3117 1229 3207 Othoni]
1273 3201 1278 3206 .

228 3230 231 3242 ⁸
302 3251 392 3308 Erant
404 3249 435 3307 in
455 3249 602 3308 orchestra
619 3250 800 3309 senatoribus
820 3250 904 3310 sedes
923 3253 1089 3331 assignata,
1105 3264 1186 3311 erant
1204 3263 1233 3310 et
1247 3251 1277 3309 in

264 3347 424 3405 duodecim
446 3347 584 3426 gradihus
607 3346 762 3406 orchestrae
786 3347 954 3428 primisrel
978 3349 1117 3426 proximis
1137 3347 1279 3428 Equitum

264 3443 365 3513 sedet,
380 3461 447 3522 quae
460 3445 611 3519 Equestria
625 3457 767 3503 vocantur
783 3445 930 3502 Petronio.
945 3448 1020 3504 Nam
1039 3459 1069 3504 et
1086 3445 1132 3502 his
1144 3445 1208 3523 lege
1221 3442 1278 3502 latt

263 3543 295 3602 in
306 3540 419 3600 theatro
434 3540 499 3598 loca
512 3542 638 3599 restitnit
654 3543 730 3608 Otho
743 3542 887 3612 Roscius,
901 3543 942 3600 ait
954 3542 1084 3601 Velleius
1095 3541 1281 3614 Paterculus,

265 3638 318 3710 lib.
332 3640 376 3708 113
389 3637 457 3695 inde
469 3638 644 3694 orchestram
655 3642 672 3696 J
673 3638 803 3704 uvenalis
815 3638 886 3696 dicit
899 3659 953 3717 pro
960 3640 1137 3715 primon'bus
1147 3653 1177 3695 et
1178 3640 1278 3715 plebe.
1356 3700 1358 3705 ,
1437 3657 1438 3660 ’

266 3739 402 3797 Vitellius
416 3739 508 3810 cavit,
521 3752 554 3796 ut
566 3741 636 3797 Zon.
653 3759 689 3798 ex
702 3741 796 3799 Dione
811 3740 915 3812 refert,
930 3761 967 3800 ne
983 3727 1104 3801 Senator
1117 3753 1167 3798 aut
1182 3743 1279 3818 Eques

266 3836 484 3915 gladiatoriam,
501 3856 552 3894 seu
566 3837 709 3894 ludicram
723 3851 815 3896 artem
832 3849 986 3896 exerceret.
1007 3825 1204 3910 Quintiliarius
1218 3840 1279 3896 De-

270 3933 356 3993 clam.
369 3933 424 4004 tt,
439 3933 526 3993 refert
539 3931 613 3996 hanc
625 3933 720 4014 legem
735 3934 924 3994 theatralem:
937 3937 1093 3995 Ghdr'otor
1103 3919 1133 3993 rit
1147 3937 1282 4012 quatuor
