2922 4672
313 381 375 450 132
421 435 461 455 ,.
527 380 660 447 Η,Ε“Τ
682 377 1110 448 C.VALESIO'RUM³

306 504 393 564 solus
404 505 435 564 in
445 505 570 590 triclinio
578 509 692 586 jacens,
705 507 897 565 accumbens:
908 527 975 566 narn
986 508 1018 566 in
1029 527 1103 578 nna,
1115 505 1147 564 id
1157 513 1215 577 es't,
1224 502 1323 582 aliqua

303 602 349 662 de
364 615 407 662 tot
420 602 545 682 pulcris,
559 603 624 662 latis
639 617 669 662 et
682 605 810 683 antiquis
828 606 936 663 mensis
948 603 1124 683 patrimonia
1132 623 1186 662 -sua
1199 603 1230 660 hi
1242 619 1323 680 reges

199 688 203 699 ⁸
305 699 489 770 comeduut,
511 719 570 756 una
593 719 713 774 mensa,
734 721 829 760 uuum
853 701 1020 759 convivium
1042 699 1151 759 sufficit
1174 698 1212 756 ad
1234 696 1321 756 deco·
1419 767 1420 770 Ἰ

308 794 472 874 quendum.
492 795 601 854 Nullus
620 809 704 869 turn,
719 795 789 856 ciim
809 797 997 869 decorarint,
1011 798 1153 876 parasitus
1165 807 1217 852 aut
1231 795 1321 854 cliens

307 894 350 952 eis
361 895 479 952 futurus
489 905 542 951 est.
553 896 613 950 Sed
622 896 685 970 quis
686 895 770 969 seret
778 898 847 951 istas
858 897 982 952 luxurie
992 896 1114 951 Sordes?
1123 893 1253 950 Luxuria
1263 905 1320 963 est,

307 989 366 1068 qui
375 990 549 1070 patrimonia
558 989 729 1066 comedunt,
740 989 791 1048 sed
804 989 932 1062 sordida,
943 990 1025 1069 quod
1035 988 1089 1048 soli
1100 989 1270 1076 comeduut.
1285 993 1318 1076 C.

304 1093 336 1177 r.
360 1116 431 1192 140.
453 1159 467 1176 -.
496 1160 504 1176 .
534 1160 543 1175 .
568 1159 580 1176 -.
606 1161 617 1176 .
646 1160 654 1176 .
679 1157 691 1176 -.
718 1113 848 1195 Quanta
864 1130 912 1176 est
923 1113 1100 1202 gula,quee
1114 1111 1178 1206 sibi
1189 1127 1274 1176 totos

452 1212 551 1276 Ponit
563 1235 656 1302 apros
667 1260 675 1292 ,
688 1212 807 1276 animal
818 1229 951 1302 propter
962 1211 1110 1276 convivia
1123 1227 1234 1275 natum
1247 1211 1273 1298 i]
1310 1298 1316 1316 .

294 1401 296 1408 ,
343 1341 511 1402 Macrobius
521 1342 573 1402 lib.
585 1343 646 1415 111,
657 1341 906 1416 saturnaliorum
918 1364 983 1422 cap.
997 1343 1042 1404 13.
1052 1343 1189 1414 Cincius,
1202 1343 1314 1422 inquit,

295 1440 335 1516 ,in
356 1442 489 1502 suasione
510 1441 581 1518 legis
600 1442 733 1510 Fanniae,
752 1441 853 1520 objicit
875 1441 983 1498 saeculo
1003 1459 1075 1511 suo,
1094 1440 1176 1518 qnod
1190 1461 1315 1516 porcum
1378 1495 1380 1498 ,

305 1539 463 1608 ijanum
478 1539 584 1594 mensis
605 1538 722 1612 inferat.
743 1541 839 1608 Quem
859 1536 904 1594 illi
919 1538 961 1596 sie
973 1537 1135 1609 vocabant,
1150 1537 1234 1615 quasi
1253 1537 1316 1596 aliis

295 1628 421 1690 'inclusis
434 1632 609 1690 animalibus
622 1632 795 1710 gravidum,
809 1644 843 1690 ut
856 1631 906 1690 ille
923 1634 1064 1705 Trojanm
1077 1653 1167 1710 equus
1180 1632 1315 1710 gravidus

291 1713 417 1788 'muratis
431 1729 497 1787 fuit.
510 1729 557 1786 sic
568 1728 649 1806 apud
662 1729 832 1786 Petronium
844 1751 851 1784 z
867 1733 976 1786 Porcus
988 1730 1160 1808 apponitur,
1172 1730 1202 1786 ui
1214 1729 1313 1800 fallor,

293 1825 434 1905 dicedulis
448 1839 477 1884 et
492 1825 573 1885 mille
586 1825 651 1883 aliis
668 1824 780 1882 deliciis
800 1821 924 1884 refertus
940 1825 1070 1884 inclusis.
1086 1830 1202 1898 Quanta
1215 1839 1313 1885 autem

300 1936 345 1982 est
364 1923 449 2004 gula,
464 1941 530 2002 quae
549 1922 603 1980 sibi
624 1921 679 1981 soli
703 1934 780 1981 totos
803 1933 832 1980 et
853 1922 964 1980 solidos
983 1943 1069 2000 apros
1087 1924 1195 2002 appui
1210 1923 1311 2014 jubet)

296 2021 407 2096 animal
421 2033 540 2101 propter
554 2020 687 2079 convivia
700 2032 803 2078 uatum
813 2022 819 2075 !
830 2021 917 2078 Poena
931 2032 1028 2078 tamen
1042 2040 1168 2100 praesens
1181 2019 1313 2094 imminet
1335 2010 1340 2024 '

294 2117 352 2175 tihi
365 2130 423 2175 tuse
436 2117 617 2188 voracitatis,
632 2115 650 2174 d
665 2115 766 2187 lurco,
783 2115 846 2172 etim
861 2129 890 2172 tu
902 2118 1022 2192 deponis·
1035 2119 1155 2192 amictus
1169 2119 1308 2192 turgidus,

290 2199 328 2272 *et
345 2217 464 2272 crudum
475 2233 625 2292 pavonem
643 2216 672 2270 in
693 2214 798 2269 balnea
812 2227 934 2288 portas,
951 2213 982 2270 id
997 2226 1058 2285 est,
1070 2211 1140 2296 piam
1155 2233 1268 2291 pavone
1282 2225 1313 2290 et

295 2312 360 2370 aliis
380 2311 479 2390 epulis
500 2312 643 2370 distentus
657 2310 791 2382 nonduin
807 2312 955 2370 concoctis
968 2311 1080 2370 lavaris.
1095 2312 1231 2380 Imitatur
1246 2316 1311 2371 Per·

284 2409 393 2500 quium,
408 2421 460 2466 sat.
477 2411 539 2478 111,
555 2429 583 2464 v.
598 2407 656 2484 98:

472 2505 598 2570 Turgidus
610 2504 653 2550 hic
667 2504 748 2568 epulis
760 2513 836 2568 atque
849 2503 907 2552 albo
919 2514 1007 2582 ventre¹
1019 2503 1131 2562 lavatur,
1140 2513 1188 2554 etc.

239 2598 246 2610 “
293 2603 325 2650 et
338 2611 404 2670 quae
418 2602 591 2668 sequuntur.
606 2588 681 2646 Hinc
696 2590 774 2646 enim
786 2588 889 2646 suhitae
903 2603 1030 2662 mortes,
1043 2602 1072 2647 et
1086 2609 1167 2648 senes
1181 2589 1307 2648 intestati

293 2689 471 2748 moriuntur.
494 2689 522 2765 lt
543 2671 617 2743 nova
640 2705 694 2742 nec
715 2687 818 2756 tristis,
832 2686 864 2742 id
884 2699 942 2756 est,
956 2699 986 2744 et
1005 2687 1071 2744 laeta
1090 2707 1124 2745 ea
1144 2687 1244 2744 fabula
1257 2693 1308 2766 per

294 2771 414 2858 cunctas
433 2781 536 2840 domos
557 2794 586 2840 et
608 2801 721 2856 coenas;
734 2781 804 2860 guli
819 2781 946 2862 Titium,
961 2781 1031 2861 guid
1050 2784 1150 2842 Seium
1170 2784 1306 2863 periisse;

293 2873 414 2948 ducitur
427 2880 516 2938 funus
528 2889 587 2936 tota
601 2877 674 2934 urbe
688 2897 721 2935 ac
742 2877 854 2956 populo
869 2878 1070 2956 plaudendum
1083 2899 1117 2936 ac
1130 2879 1286 2938 ridendum
1292 2921 1305 2948 ,,

291 2979 372 3038 iratis
385 2976 455 3042 solis
468 2961 599 3033 defuncti
612 2974 729 3045 amicis,
742 2975 794 3050 qui
805 2975 949 3052 jacturam
962 2970 1100 3054 sportulae
1114 2974 1218 3034 fecere.
1234 2979 1266 3034 C.
1290 3049 1293 3056 Ι

285 3125 321 3167 n.
345 3097 415 3165 155.
440 3099 528 3162 P'one
540 3097 753 3185 Tigellinum,
767 3095 848 3160 taeda
861 3096 984 3160 lucebis
997 3098 1032 3160 in
1047 3097 1119 3178 illa,

286 3257 289 3266 ,
378 3184 411 3275 J
442 3199 515 3280 Qud
528 3212 646 3260 stantes
661 3193 794 3274 ardent,
810 3195 867 3281 qui
884 3193 949 3258 lixo
967 3211 1098 3285 gutture
1112 3195 1272 3283 fumant]
1289 3237 1294 3252 ι

219 3407 220 3410 ¹
330 3333 477 3392 Videntur
501 3328 673 3397 Christiani,
694 3345 769 3405 qnos
795 3327 954 3404 prasertim
977 3327 1034 3387 hoc
1059 3329 1204 3408 supplicio
1226 3332 1303 3387 Nero
1355 3363 1361 3388 i

238 3495 242 3502 ,
290 3432 404 3500 affecit,
416 3427 491 3487 taeda
502 3426 624 3504 perfossi
635 3443 647 3495 ,⁴
659 3439 774 3502 quae'ex
788 3443 891 3482 eorum
905 3444 955 3483 ore
966 3443 1086 3484 accensa
1097 3444 1216 3504 vespere
1228 3425 1304 3482 allu-

289 3540 369 3587 ceret
381 3523 628 3605 ingredientibus,
642 3519 701 3600 quit
710 3519 786 3578 taedt
799 3522 886 3579 etiam
897 3522 978 3582 velut
989 3523 1057 3602 palo
1068 3512 1198 3601 quodam
1209 3519 1302 3578 defixi

285 3627 319 3684 'et
333 3591 472 3682 sumeret*
475 3631 582 3677 starent
595 3619 701 3675 miseri.
718 3618 830 3676 Aliter:

464 3721 532 3766 Pone
544 3703 709 3781 Tigellinum,
721 3717 784 3764 taeda
798 3716 888 3766 lucebit
896 3716 924 3766 in
936 3715 985 3766 illa.

288 3812 336 3872 Sic
349 3812 380 3868 in
395 3789 507 3885 optii'no
522 3802 689 3880 exemplari.
704 3805 796 3873 Item,

436 3922 440 3932 ¹
465 3905 496 3951 Et
505 3903 583 3950 latum
597 3899 789 3950 mediisnlenm
800 3901 899 3950 deducit
908 3899 988 3950 amni.
1071 3919 1074 3926 ’

286 3993 358 4072 Legi
383 3991 424 4050 ait
452 3991 484 4047 P.
512 3979 659 4046 Pithoeus.
687 3987 745 4047 Sed
771 3973 957 4047 emendatius
982 3987 1087 4045 lucebis
1113 3997 1144 4045 et
1169 3987 1294 4045 deducis.
