2922 4672
390 333 737 404 conusnrnm
762 333 905 401 suun
1110 357 1151 425 77

141 458 375 538 pertinentibus,
389 458 479 540 quim
489 460 528 518 ad
541 460 615 518 alios
628 463 828 518 Romanorum
843 459 1155 539 scriptores‚utilitatis

143 555 177 614 in
185 556 397 635 qualicumque
405 556 535 616 editione
543 555 689 635 vulganda
698 557 873 636 capiendum
883 559 936 628 sit,
946 557 1055 629 videat3
1069 556 1157 614 simul

122 687 125 692 ·
146 664 178 712 et
193 653 396 731 grammatices
408 673 441 710 sc
455 653 623 733 philologiae
637 665 744 712 statum
757 673 811 732 per
823 654 928 712 saecula
937 653 1084 712 decimum
1094 672 1156 711 sex·

146 760 214 806 tum
228 748 499 828 precedentisuno
512 761 633 828 aspectu
651 749 806 828 concipere
820 769 854 808 ec
869 749 1043 828 disjudioarc
1059 761 1157 828 queat.

145 850 175 904 A
183 847 261 905 notis
269 847 347 916 iuter
355 846 447 904 lineas
457 846 610 925 adscriptis
622 860 652 906 et
664 867 701 906 ex
714 846 781 906 cod.
792 846 989 904 Alexandrino
998 847 1159 923 desumptis

145 941 333 1020 incipiemus.
345 941 419 1014 Sed,
434 955 532 1015 antea,
547 943 585 1001 de
599 943 692 1002 tribus
703 943 850 1002 veteribus
860 942 966 1001 criticis
976 940 1159 1019 loquendum

144 1049 190 1096 est
200 1039 302 1110 nobis,
314 1057 443 1118 quorum
453 1051 537 1098 notas
548 1039 579 1098 in
589 1038 646 1098 hoc
658 1039 834 1119 compendio
846 1040 952 1118 passim
961 1039 1158 1117 inspersimus.

555 1217 583 1272 l.
603 1215 755 1274 Guarinus.

186 1373 412 1444 Guarinus‚seu
420 1375 555 1434 Garinns.
566 1371 1159 1451 Isluitabbasviotorinusspudl’arisios,

143 1481 176 1528 et
196 1469 321 1528 decessit
337 1489 414 1528 anno
429 1475 589 1532 MCXCIV.
606 1473 676 1551 Ejus
694 1472 936 1530 commentarium
951 1472 1096 1549 integrum
1114 1489 1160 1527 re-

146 1567 280 1646 perimus
288 1567 320 1625 in
330 1566 432 1626 codice
443 1566 594 1627 chartaceo
606 1569 679 1625 xlv
689 1582 757 1626 saec:
768 1567 820 1646 qui
829 1568 906 1626 inter
913 1581 1028 1626 nostros
1035 1566 1160 1625 refertur

143 1682 236 1739 supra
257 1661 296 1721 ad
318 1664 452 1742 paginam
474 1673 522 1734 aa.
548 1669 592 1726 De
615 1665 672 1722 hoc
694 1683 783 1744 opere
800 1663 877 1723 nihil
896 1663 1051 1724 dicemus:
1067 1663 1159 1722 lector

148 1759 212 1839 ipse
226 1780 263 1819 ex
275 1761 353 1820 notis
369 1761 538 1845 compendii
548 1761 702 1842 judicabit.

518 1940 572 1996 11.
590 1939 777 1996 Omnibonus.

190 2096 371 2166 Omnibonus
392 2098 596 2171 lisuncensis,
619 2099 679 2160 sire
701 2100 801 2178 potius
821 2100 857 2156 P.
881 2101 931 2155 Fr.
959 2101 1092 2174 Omolloy
1109 2109 1161 2158 aut

143 2192 417 2267 Molloy‚'lliberus
431 2195 594 2265 Medensis‚
608 2194 719 2253 ordinis
729 2197 800 2253 min.
816 2197 907 2252 strict.
923 2193 1035 2252 observ.
1051 2196 1080 2252 in
1095 2193 1160 2252 col-

142 2286 229 2368 legio
241 2291 269 2346 S.
281 2289 385 2348 Isidori
399 2291 435 2348 de
449 2291 522 2350 urbe
536 2294 565 2349 S.
579 2291 634 2350 Th.
647 2291 723 2371 proi.
738 2291 893 2370 primarius
904 2288 996 2348 lector
1003 2290 1161 2368 jubilum,

145 2395 178 2444 et
194 2386 347 2463 provincias
363 2388 509 2446 Hiberniae
529 2388 561 2446 in
581 2389 668 2447 Curia
688 2389 775 2446 Rom.
795 2405 882 2466 agens
898 2386 1047 2466 generalis.
1064 2389 1108 2443 De
1126 2405 1162 2444 eo

146 2485 257 2542 rraeter
275 2496 433 2542 comment.
456 2485 487 2542 in
507 2484 679 2544 iuvenalem
701 2484 789 2542 habet
808 2481 937 2542 Biblioth
957 2487 1033 2562 Imp.
1055 2484 1166 2558 Aesopi

138 2578 280 2654 sabulos,
290 2579 447 2658 interprete
458 2581 636 2641 Omnibono.
647 2580 756 2660 (Codd.
765 2599 833 2638 mss.
841 2582 872 2638 n'
886 2580 963 2638 8510
973 2592 1003 2653 et
1014 2578 1120 2654 8517),
1133 2590 1164 2636 et

147 2673 282 2754 ejusdem
298 2677 498 2753 epr'tbaplu'um
518 2680 668 2736 ancrici
686 2679 815 2736 Barbari
827 2679 875 2755 (11⁰
898 2677 1004 2754 8626).
1024 2680 1164 2734 Psasterea

149 2773 337 2851 congregatio
364 2793 485 2852 propag.
511 2773 581 2833 fidei
607 2777 708 2834 Roma}
733 2775 811 2852 typis
837 2773 985 2832 mandavit
1008 2773 1162 2852 ejusdem,

147 2871 283 2926 Lucerna
289 2871 427 2944 fidelium
435 2913 446 2942 ,
463 2871 682 2946 seufascr'culus
702 2873 854 2946 decennus
872 2873 910 2926 de
924 2872 1054 2926 doctrr‘uo
1071 2870 1165 2927 Chro-

147 2965 246 3034 tt'ano,
256 2965 363 3054 divum
374 2967 404 3021 in
415 2978 470 3022 tnes
476 2979 592 3041 partes,
599 2968 635 3021 'in
643 2968 798 3023 Hibernica
810 2967 924 3042 lingua,
941 2966 1031 3038 1677,
1043 2967 1074 3024 in
1085 2967 1124 3036 8⁰,
1135 2977 1165 3023 et

145 3063 344 3136 grommatr'ca
355 3063 634 3122 Latino-Hibemr'ca
649 3063 855 3138 compendiaco
862 3105 871 3132 ,
886 3075 941 3119 etc.
953 3059 1057 3119 eodem
1067 3081 1163 3131 anno,

147 3155 181 3214 in
196 3176 243 3214 rs.
258 3155 508 3216 commentarium
520 3176 590 3216 vero
602 3159 665 3237 ejus
679 3159 709 3216 in
723 3157 894 3218 iuvenalem
905 3158 994 3216 habet
1006 3158 1071 3220 cod.
1084 3157 1165 3216 char-

148 3261 252 3310 taceus
262 3253 294 3310 in
306 3254 335 3320 4⁰
350 3273 456 3331 parvo,
469 3267 603 3313 constans
618 3255 674 3313 236
689 3254 785 3328 loliis,
800 3247 989 3332 quindecimo
1001 3253 1108 3313 saeculo
1119 3254 1165 3310 le-

145 3347 224 3406 viter
233 3367 349 3408 necnon
361 3347 506 3429 eleganter
515 3365 663 3423 exaratus,
678 3353 762 3431 cujus
773 3352 914 3432 scriptura
926 3352 992 3409 satis
1004 3339 1091 3410 refert
1100 3371 1164 3413 eam

146 3447 240 3522 quam
258 3463 341 3503 nunc
351 3437 491 3505 rocamus
504 3450 644 3524 angione.
660 3451 744 3507 Notae
760 3460 858 3506 autem
874 3449 936 3527 ejus
949 3447 1096 3527 pleraeque
1110 3466 1164 3526 pro

147 3551 291 3619 tempore.
300 3543 368 3600 satis
383 3543 468 3602 honae
476 3545 566 3630 sum,
579 3543 727 3624 simplices
740 3542 827 3622 atque
841 3543 945 3603 auditu
958 3543 1073 3616 faciles,
1087 3555 1117 3604 et
1130 3514 1165 3602 lis

147 3636 312 3718 aliquando
325 3639 373 3696 usi
386 3658 489 3701 sumus

377 3783 451 3839 111.
470 3777 694 3868 Vocabula'riurn
709 3783 754 3841 ori
763 3785 943 3849 quenalem.

191 3943 229 4004 ld
248 3941 470 4009 vocabularium
490 3943 585 4011 sisar
601 3949 657 4011 sub
676 3951 708 4012 η’
728 3949 925 4031 ³²942³1>11<l
945 3947 1020 4010 Bihl.
1042 3951 1119 4028 Imp.
1135 3949 1166 4008 in
