2930 4660
267 354 331 427 204
408 323 411 328 ’
481 351 1078 418 Η.ΕΤο.νΑιῑειοιῑυΜ-·

263 471 336 532 mihi
350 471 410 532 duo
425 473 513 534 fuisse
527 475 668 536 foramina
683 473 731 534 vel
751 495 836 534 cavos
850 476 882 534 in
896 486 1015 553 pectore
1029 474 1149 552 caponis
1163 475 1252 552 lignei
1267 519 1275 546 ‚

263 579 293 658 et
316 568 449 629 similiter
472 572 504 630 in
526 571 612 642 aliis,
636 573 746 649 quibus
772 569 888 648 inserti
905 567 1021 628 turcills
1045 569 1202 642 sublimem
1224 570 1272 626 hic

264 681 380 746 carptor
391 689 473 728 avem
485 691 712 752 suspensamque
727 672 859 742 tenebat,
871 682 901 727 et
915 669 1014 727 hebeti
1028 689 1082 727 suo
1095 670 1206 743 cultro,
1221 667 1274 750 qui

263 763 391 842 singulas
404 767 467 846 ejus
480 777 575 846 partes
590 767 755 828 detruncari
769 777 932 845 oporteret,
947 763 1098 824 edocebat.
1119 767 1157 826 H.

262 933 293 977 u.
314 919 386 994 144.
412 961 421 980 .
449 961 459 979 .
486 960 495 979 .
520 915 563 978 Et
574 916 696 1004 exiguae
700 913 806 1004 surts‘s
818 914 963 980 imbutus
974 912 1110 1002 niella]
1219 901 1224 915 ’

273 1122 282 1134 ,,
302 1062 430 1141 Quidam
443 1061 560 1142 legunt,
564 1065 668 1142 srusnls
673 1104 684 1134 ,
701 1083 767 1148 quae
787 1063 909 1144 quidem
923 1060 1012 1120 lectio
1029 1061 1103 1120 mihi
1120 1062 1211 1140 magis
1225 1081 1273 1140 ar-

263 1159 348 1218 ridet.
370 1161 407 1217 ll.
1274 1153 1277 1162 ’

259 1295 292 1339 u.
305 1269 387 1338 .156.
406 1275 439 1338 N
439 1296 475 1338 ec
479 1276 656 1369 pugillares
668 1274 772 1340 defert
786 1276 821 1342 in
836 1276 1076 1358 balnearaucus

381 1401 386 1426 ι
408 1373 607 1456 Testiculos,
623 1372 685 1440 n'ec
696 1374 859 1438 vellendas
871 1376 937 1460 jam
946 1373 1090 1463 >praebuit
1102 1371 1184 1452 alas,
1275 1441 1278 1450 ,

407 1472 518 1536 Crasse
529 1495 588 1536 nes
601 1471 750 1562 opposito
762 1470 897 1560 pavidus
909 1473 989 1562 tegit
1000 1472 1135 1562 inguina
1146 1485 1248 1560 gutte.
1257 1469 1277 1558 ]

263 1593 266 1598 ¹
300 1622 481 1697 Pugillares,
496 1621 527 1680 id
542 1635 600 1692 est,
615 1619 668 1700 qui
683 1643 802 1680 manum
817 1621 975 1702 impleant,
989 1621 1037 1680 vel
1054 1631 1132 1680 certe
1147 1620 1199 1700 qni
1215 1619 1279 1676 sint
1299 1634 1302 1643 ’

257 1725 368 1803 pugilli
376 1721 528 1781 mensuri:
544 1723 627 1782 sicin
640 1729 765 1783 sanvl:
1274 1729 1278 1742 .

404 1865 411 1876 ·
433 1841 497 1906 Ergo
508 1851 676 1905 exspectatos,
685 1857 713 1888 ac
721 1841 803 1906 jussos
812 1858 922 1891 erescere
931 1840 1042 1908 primum

436 1922 587 1982 Testiculos‚
598 1933 731 1988 postquam
742 1933 872 1987 coepernnt
885 1939 937 1970 esse
950 1909 1068 1980 bilibris,
1080 1929 1130 1970 etc.

263 2026 475 2100 Tegits'nguina
489 2037 596 2099 gatto:
615 2045 652 2085 ne
675 2023 785 2082 scilicet
806 2045 823 2082 a
844 2025 927 2082 molli
948 2024 1088 2102 quopiam
1109 2034 1138 2081 et
1157 2019 1268 2079 mnaedo

260 2120 349 2184 divite
366 2121 397 2179 in
411 2119 521 2178 balneis
539 2119 722 2179 conditiones
741 2121 857 2199 legente
877 2121 1006 2199 rapiatur
1023 2119 1207 2178 admissarius
1225 2119 1274 2176 su-

177 2285 186 2292 *
260 2229 353 2275 turus.
374 2219 461 2294 Pugil
480 2229 577 2276 tamen
601 2215 669 2276 citm
693 2219 816 2298 primam
842 2216 982 2295 syllabam
1006 2217 1160 2294 corripiat,
1181 2216 1221 2273 ita
1243 2227 1273 2272 et

254 2315 436 2392 pugillares:
449 2334 551 2374 verum
555 2316 721 2398 pupillares
731 2313 801 2372 alibi
813 2313 887 2392 legi,
900 2315 980 2372 etita
992 2313 1112 2370 omnino
1124 2312 1275 2392 scripserat

260 2410 426 2482 luvenalis,
441 2411 492 2472 sed
510 2393 704 2488 corruperunt
722 2411 859 2490 imperiti.
879 2412 1064 2488 Pupillares,
1080 2408 1183 2480 idest,
1198 2429 1274 2487 pue-

135 2515 139 2522 '
260 2505 345 2577 riles,
356 2506 517 2587 juveniles,
531 2519 560 2564 et
574 2509 612 2568 ita
626 2505 784 2584 legendum
798 2506 930 2565 indubie.
952 2508 984 2564 C.

260 2677 294 2719 u.
318 2653 389 2720 158.
410 2655 526 2719 Cressa
538 2677 598 2719 neo
610 2656 761 2744 opposito
773 2655 909 2745 pavidus
921 2656 1002 2745 tegit
1012 2657 1147 2742 segusiae
1157 2599 1274 2744 ςνιιῑῑο]Ι

300 2797 345 2852 lta
362 2795 514 2852 Petronius
531 2795 562 2852 in
583 2796 717 2872 satyrico.
734 2794 849 2854 «Illum
870 2808 969 2853 autem
990 2795 1152 2872 frequentia
1171 2794 1273 2870 ingens

263 2916 276 2943 α
286 2891 492 2961 circumvenit,
503 2909 570 2950 cnm
580 2890 687 2971 plausu
697 2904 726 2949 et
735 2890 927 2956 admiratione
937 2890 1137 2960 timidissima:
1150 2888 1277 2960 babebat

264 2988 364 3046 sessim
376 2989 646 3063 seguinumpondus
658 3000 717 3046 tam
730 2987 858 3065 grande3
874 2999 908 3044 ut
923 2987 1021 3065 ipsum
1038 2975 1186 3044 hominem
1199 2983 1273 3042 laei-

265 3084 367 3144 ‹sniam
382 3085 482 3146 fascini
496 3084 638 3144 crederes.
654 3073 758 3162 Itaque
775 3083 872 3144 statim
891 3083 1002 3141 invenit
1018 3083 1175 3151 auxilium,
1189 3092 1244 3138 etc.
1260 3107 1273 3132 s

264 3185 389 3255 Seneca,
401 3181 453 3240 lib.
468 3186 483 3240 I
496 3182 625 3242 Natural.
641 3185 750 3252 Quaest.
767 3181 804 3240 de
818 3185 922 3248 Hostis
933 3180 1063 3260 quodam
1077 3179 1275 3258 impurissimo

264 3278 374 3338 divite:
393 3303 405 3331 s
418 3282 453 3336 ln
467 3279 606 3340 omnibus
619 3278 741 3355 quidem
760 3277 872 3338 balneis
887 3278 991 3356 agebat
1004 3281 1052 3334 ille
1065 3277 1231 3346 delectum,
1243 3287 1274 3334 et

266 3402 279 3428 «
289 3373 388 3454 aperti
401 3372 536 3432 mensuri
551 3374 666 3456 legebat
677 3375 763 3432 viros.
776 3399 789 3426 s
802 3373 877 3431 Vide
891 3393 957 3452 qnae
968 3374 1006 3433 de
1019 3375 1172 3458 Faustina,
1186 3385 1274 3450 atquc

266 3469 304 3530 de
315 3469 471 3548 'Elagabalo
484 3481 623 3529 notantur
635 3469 717 3548 apud
728 3468 890 3528 historicos.
912 3467 954 3530 C(

154 3593 157 3604 .
268 3641 300 3688 u.
317 3619 390 3691 162.
411 3619 559 3685 Forsitan
577 3633 816 3706 exspectes‚ut
834 3618 1000 3685 Gaditana
1014 3640 1135 3692 muoso
1172 3665 1176 3672 -

413 3717 575 3804 incipiant
587 3715 715 3803 prurire
727 3715 846 3797 choro,
859 3716 1196 3806 plausuqueprobatae
1274 3763 1278 3792 ζ

414 3813 467 3883 Ad
479 3831 595 3882 terram
607 3813 739 3882 trenusio
756 3813 952 3882 descendant
967 3815 1058 3886 cltum
1070 3813 1195 3904 puellae.
1207 3813 1227 3901 ],

311 3955 451 4031 &dium
463 3961 574 4026 cantica
586 3961 766 4024 desaltabant
779 3961 825 4024 bae
843 3963 991 4026 Gaditanas
1007 3963 1124 4045 puellae.
1139 3963 1186 4025 Sic
1198 3965 1275 4050 Mar-
