2868 4658
315 357 376 424 362
496 355 550 422 IN
573 347 1115 420 VET.COMMENTARIOS
1169 357 1172 364 ’

347 481 389 548 (a)
403 479 604 546 Sumpsitpoeau]
618 477 716 529 Melius
726 513 734 539 ,
744 481 836 547 poeta.
855 475 886 528 P.
987 511 991 516 -

347 569 388 637 (3)
398 569 527 618 Lucuilm:
539 569 643 618 eructavi
648 602 656 625 ,
668 564 726 634 etc]
738 567 822 636 Lege,
831 565 963 614 Lucillius:
974 561 1077 633 gustavi
1091 559 1209 614 crustula
1219 560 1316 624 solus,

308 655 339 709 id
345 653 558 726 est,placentam.
566 653 693 706 Refertur
698 663 807 704 staret.
814 651 970 722 interprete.
975 649 1067 702 Horat.
1073 648 1106 702 ad
1113 649 1240 714 lih.1,sat.
1250 665 1276 700 1.
1284 647 1314 698 P.

318 761 322 768 ·
345 744 386 811 (4)
398 742 540 812 Ascurum]
555 742 620 792 Vas.
633 759 674 792 ax.
687 739 799 801 hahuit,
810 746 943 791 accusare.
964 737 994 789 P.

344 829 385 898 (5)
401 832 449 895 Qui
459 830 556 899 diviua]
571 827 683 889 Melius,
698 826 746 897 qui
758 824 890 878 divitibus
901 841 929 878 se
943 823 1007 876 incl.
1021 823 1093 888 airis.
1112 823 1141 875 P.

344 917 358 943 *
372 919 503 984 dypticis]
519 915 629 979 Scribe,
640 915 779 982 Dypaicir's,
791 931 823 967 ex
837 905 943 965 Isidoro
957 912 986 964 in
1002 911 1093 984 glossis
1106 929 1112 962 ε
1125 911 1263 977 Dypticha,
1275 925 1316 960 ta·

310 1007 378 1055 beliar
389 1023 450 1071 quas
455 1002 567 1070 serianus.
583 1003 613 1053 Α.
1253 1033 1255 1038 ·

341 1101 383 1168 (6)
396 1100 508 1167 Inculta]
522 1095 632 1163 Scribe,
644 1115 677 1150 en
692 1095 789 1149 cuitu.
809 1093 842 1148 P·
1184 1157 1189 1168 ¹

342 1185 355 1212 ‘¹
369 1191 406 1236 Ac
410 1205 459 1252 per
468 1187 514 1237 hoe
524 1187 594 1236 Galla
608 1187 701 1251 inquit,
714 1187 799 1252 darie]
809 1184 881 1255 Lego
893 1203 900 1235 r
914 1202 944 1234 ac
951 1201 998 1249 prr
1010 1184 1055 1232 hoc
1065 1183 1159 1232 Gallurn
1168 1182 1237 1232 diluit.
1258 1181 1293 1232 A.

342 1276 383 1346 (7)
390 1273 575 1344 PalinrothionJ
583 1272 663 1344 Apud
668 1271 877 1344 Apollodorum,
885 1269 938 1334 111,
944 1269 1069 1322 Biblioth.
1076 1267 1275 1321 Aiirrhothion.
1283 1269 1313 1321 P.

341 1363 383 1431 (8)
399 1365 448 1428 Qui
458 1365 536 1413 inlata
548 1364 670 1429 carpunt]
682 1359 752 1412 Hinc
763 1360 809 1412 ille
822 1357 897 1430 apud
908 1358 1066 1411 Petronium
1076 1375 1181 1428 carpus.
1201 1355 1233 1407 P.

341 1451 382 1518 (9)
397 1452 471 1517 Virgo
482 1452 576 1516 Vrsae]
588 1450 628 1501 An
639 1465 699 1522 quat
710 1447 856 1500 Damiatrix
868 1443 969 1501 Festo?
986 1446 1016 1498 P.
1134 1436 1138 1442 ’

341 1547 400 1614 (ιο)
412 1549 533 1614 laturae]
544 1545 614 1597 Puto
625 1543 717 1597 mendi
727 1554 817 1597 notam
829 1541 989 1608 delendam,
1002 1555 1028 1596 et
1038 1542 1087 1613 leg.
1097 1554 1224 1613 spectem.
1237 1541 1312 1595 Fue·
1395 1609 1396 1612 Ἴ

304 1645 371 1686 runt
381 1650 431 1684 suo
442 1632 542 1704 cuique
556 1631 654 1684 saeculo
669 1643 699 1684 ut
710 1631 773 1682 vitia
783 1668 791 1692 ,
800 1631 838 1682 sic
853 1631 934 1682 rerba
947 1643 1004 1682 sua.
1022 1629 1110 1700 HuJus
1124 1630 1228 1700 generis
1243 1643 1312 1683 sunt
1395 1683 1396 1688 ,

305 1720 351 1772 illa
360 1719 389 1770 in
399 1719 440 1771 his
450 1709 557 1790 glossis,
570 1717 694 1780 multare,
704 1717 852 1781 manicare,
862 1719 979 1781 minare,
989 1717 1105 1787 plagare,
1116 1715 1221 1781 leuare,
1231 1718 1310 1770 simi·

303 1806 375 1869 lare,
388 1822 497 1867 acrum,
510 1821 657 1868 coruscus,
670 1803 763 1854 sabana
771 1841 778 1864 ‚
787 1803 935 1854 armilausia
945 1839 953 1864 ,
965 1817 1117 1868 catomum,
1128 1801 1250 1874 desipm,
1267 1805 1310 1857 lu-

303 1905 394 1955 teum,
407 1891 575 1952 consiliator,
585 1890 691 1962 glutto,
700 1902 794 1950 matta,
803 1890 925 1952 armaria,
934 1890 1116 1970 concubium,
1128 1890 1308 1958 calcearium,

302 1981 416 2040 setrius,
426 1977 622 2050 manciparim,
636 1990 811 2050 gutturosus;
828 1990 854 2030 et
869 1975 938 2029 illud
954 1995 1016 2038 nam
1032 1977 1151 2031 secundo
1168 1981 1310 2052 tertioque

302 2067 364 2118 loco
381 2067 520 2138 positurus
538 2063 585 2117 sed
604 2077 632 2118 et
651 2063 784 2118 scribendi
804 2065 911 2125 forma,
931 2064 1112 2129 thensaurus,
1130 2065 1308 2134 formonsus,

302 2153 417 2224 Spania,
432 2153 536 2224 aliaque
554 2169 674 2224 quorum
690 2151 822 2204 nonnulla
841 2164 868 2204 ct
885 2149 959 2222 apud
977 2151 1142 2222 antiquiores
1160 2154 1309 2226 scriptores

301 2241 391 2295 notari
404 2253 527 2312 possunt.
545 2239 575 2292 P.

784 2314 823 2370 X.

309 2489 312 2500 ι
337 2428 378 2495 (ι)
393 2431 471 2492 Usque
482 2429 518 2476 ad
527 2413 665 2496 Cerealem]
683 2427 724 2478 De
739 2444 797 2478 arca
809 2426 915 2480 senatuis
926 2427 1002 2480 locus
1018 2440 1058 2482 est
1074 2429 1100 2479 iu
1117 2429 1260 2482 Aureliani
1272 2430 1305 2482 ad

302 2531 365 2564 eum
379 2513 457 2583 epist.
474 2511 548 2583 apud
561 2512 598 2562 Fi.
609 2513 768 2583 Vopiscum.
783 2513 830 2565 Est
843 2526 971 2584 praeterea
985 2518 995 2583 (
1003 2515 1111 2586 inquit)
1124 2529 1219 2569 vestras
1238 2537 1305 2571 auc-

301 2597 418 2649 toritatis
437 2615 497 2648 arca
515 2597 643 2667 publica,
659 2616 740 2669 quam
760 2598 842 2671 magis
860 2601 986 2656 refertam
1004 2621 1059 2654 esse
1078 2603 1203 2673 reperio,
1220 2609 1306 2676 quam

302 2684 394 2754 cupio.
414 2682 445 2734 P.

335 2773 376 2840 (2)
392 2774 479 2821 Vinum
492 2772 646 2844 coloratum]
661 2773 722 2825 Vct.
733 2790 774 2825 ex.
784 2773 897 2839 hahuit,
908 2774 1062 2830 coieratum.
1082 2776 1111 2828 P.

335 2857 347 2883 '
361 2862 390 2908 In
401 2844 480 2925 sigui}¹
487 2859 627 2929 insigniere]
645 2857 709 2911 vid.
725 2849 846 2930 Rutgcrs.
857 2861 891 2910 V.
902 2849 967 2914 L.'r.
978 2861 1003 2914 5.
1022 2865 1052 2914 Α.

334 2943 374 3013 (3)
397 2947 512 2995 Tabulam
527 2945 697 3016 patronatus]
721 2945 885 3018 Hujusmodi
903 2948 995 3018 plures
1014 2950 1142 3004 exhibent
1161 2949 1304 3026 hodieque

298 3043 402 3087 veteres
409 3029 520 3102 lapides,
527 3051 645 3102 quorum
653 3031 757 3107 aliquos
763 3034 856 3086 retulit
863 3034 960 3086 Onufr.
968 3035 997 3088 in
1006 3049 1149 3090 comment.
1157 3037 1257 3092 Fastor.
1267 3041 1301 3091 Ρ.

334 3120 373 3187 (4)
388 3121 495 3187 Cotyiari
503 3139 557 3170 euru
560 3121 682 3187 fuerunt]
694 3121 754 3174 Vet.
768 3139 809 3173 ex.
826 3123 888 3173 crim
898 3121 1085 3190 inimicorum,
1096 3138 1127 3178 ut
1138 3117 1248 3180 sortasse
1259 3129 1302 3180 le·

297 3205 417 3278 gendum
429 3207 480 3270 sit,
491 3205 602 3259 conflari
614 3227 677 3260 cum
690 3208 723 3260 iis
735 3227 852 3280 quorum
864 3211 986 3264 suerunt.
1004 3213 1032 3264 P.

332 3295 345 3321 '
357 3295 544 3364 Eumsuerunt.]
559 3295 646 3366 Lege,
660 3300 714 3345 crim
721 3333 729 3356 ,
740 3297 909 3363 quificerunt.
923 3297 963 3351 Ex
976 3300 1054 3371 Rutg.
1072 3302 1103 3352 Α.

332 3382 372 3452 (5)
378 3381 509 3448 Praefectus
522 3383 606 3453 Urbis]
621 3383 708 3435 Immo
719 3384 809 3452 potius
819 3385 887 3436 P.P.
902 3399 929 3438 et
940 3387 1014 3456 quod
1026 3406 1087 3441 mox
1097 3388 1131 3440 de
1141 3389 1237 3444 eodem
1248 3391 1299 3446 Se·

293 3471 356 3542 jano
375 3483 495 3524 tutorem
513 3469 605 3521 haberi
622 3470 769 3541 principis,
789 3470 822 3525 ad
843 3473 999 3543 patricianis
1021 3474 1179 3546 dignitatem
1198 3481 1299 3544 refert,

293 3556 464 3610 Constantini
474 3557 555 3627 magis
563 3556 660 3609 seculo
669 3559 810 3629 congruit,
819 3577 875 3630 quo
884 3559 1004 3631 primum
1014 3580 1118 3633 caepere
1125 3565 1232 3634 patricii
1239 3566 1299 3620 dici

290 3655 380 3714 patrea
390 3645 602 3714 Imperatorum,
613 3661 685 3698 noro
694 3644 805 3698 honoris
814 3645 913 3712 titulo,
926 3661 957 3701 ut
968 3649 1089 3701 Zosimus
1098 3666 1192 3704 auctor
1202 3663 1249 3706 ast.
1262 3653 1295 3706 Ρ.

327 3733 367 3800 (6)
381 3733 501 3792 sedeam,
514 3733 568 3799 ata]
577 3732 661 3802 Lege,
673 3734 789 3788 sedentis:
798 3733 929 3804 significat
942 3734 990 3788 diu
1005 3737 1123 3809 turpiter
1131 3740 1227 3794 vixisse
1238 3740 1293 3795 Ca·

291 3817 370 3890 preis.
387 3816 419 3868 P.

323 3907 364 3976 (7)
376 3908 527 3968 Hispanus,
538 3908 596 3977 eac]
609 3905 642 3959 In
654 3918 707 3962 ret.
717 3925 757 3964 ex·
768 3907 826 3964 hsta
839 3921 902 3962 sunt
914 3911 1070 3982 posterioris
1081 3911 1186 3968 manias.
1203 3913 1237 3966 P.
