2922 4672
365 335 742 416 commentust
776 305 930 417 suun
967 347 974 358 ·
1111 353 1154 441 9³

428 471 507 528 lame
523 475 576 546 qui
586 474 672 534 niem
690 493 742 530 sur
760 479 896 551 quelques
908 476 1023 549 fmds,
1046 496 1157 534 cornme

420 553 553 639 pe‘ches:
569 568 783 647 metaphorice,
791 574 938 676 fremuere
951 573 1046 630 barbe.

184 675 411 736 Ecodaedlemdn

239 799 244 806 -
334 801 338 810 ι
427 759 561 819 Ostendit
571 781 625 818 cur
632 762 766 822 homines
778 763 863 822 facile
876 764 1067 842 delinquunt:
1079 765 1162 824 vide-

196 1775 339 1824 Evocabul.
351 1774 383 1822 cd
403 1793 409 1802 ’

158 1849 311 1899 Iuvenalem.

467 667 503 720 V.
522 664 586 722 105.
605 669 788 726 Illecmcem
805 673 917 726 sceleris
929 671 1055 744 pretium
1070 669 1171 750 tulits]

428 855 1161 937 licet,quiucbmplnresidemcrimencommittunt,

429 952 504 1010 nlius
518 973 573 1030 pro
591 954 654 1013 illo
664 956 841 1034 supplicium
856 958 975 1029 mortis,
988 970 1075 1036 atque
1088 958 1169 1016 aline-

429 1038 553 1126 reg‘num
561 1063 706 1110 meretur:
718 1065 749 1110 et
761 1054 893 1114 similiter
903 1055 1075 1132 contingunt
1085 1055 1163 1112 bona

431 1145 519 1203 simul
530 1159 559 1203 et
570 1147 646 1206 mula
657 1148 742 1208 bonis
755 1149 831 1208 sicut
844 1162 874 1208 et
887 1151 980 1210 melis.
993 1152 1068 1210 Hinc
1079 1151 1162 1212 Selo-
1266 1177 1270 1184 ·

429 1261 500 1302 mon
512 1242 580 1302 ideo
594 1244 635 1302 ait
646 1266 657 1300 ι·
668 1250 814 1322 replenmr
828 1249 917 1306 eorda
934 1247 1080 1304 dommum
1094 1265 1162 1306 con-

432 1351 540 1414 temptu
558 1352 588 1396 et
604 1344 732 1418 nequitia
751 1344 781 1400 in
800 1345 864 1400 vita
882 1363 954 1414 ωας
969 1345 1039 1419 quia
1058 1345 1161 1424 ecdem

431 1437 537 1492 concub
552 1439 693 1515 eveniuafi
771 1511 776 1521 ἱ

559 1570 633 1627 Sir.
663 1569 756 1628 XIV.

472 1716 509 1772 V.
529 1717 577 1794 96.
593 1713 751 1794 sabbate]
765 1713 942 1870 {abbatum
956 1718 1086 1797 remedi,
1101 1715 1163 1776 dies

433 1811 465 1870 in
484 1831 541 1893 qua
562 1812 710 1870 cessabant
727 1817 764 1870 Ju
787 1815 837 1884 aei,
856 1813 1026 1872 translatum
1045 1833 1062 1870 a
1079 1814 1164 1872 nobis

434 1910 465 1966 in
485 1909 563 1968 diem
581 1909 775 1979 dominicam,
791 1909 961 1980 dimanche,
982 1922 1100 1988 propter
1119 1931 1165 1969 re·

436 2007 642 2065 surrectionem
664 2006 795 2076 Christi3
815 2018 844 2064 et
864 1995 943 2084 apud
966 2007 1103 2066 Hebraeos
1124 2007 1165 2064 sic

437 2101 665 2160 numerabantur
675 2101 867 2160 hebdomadis
880 2102 941 2160 dies
954 2122 960 2157 ε
979 2103 1090 2180 primus
1103 2101 1167 2160 sab-
1282 2176 1284 2180 .

302 2239 304 2246 .
422 2195 517 2272 bati,
533 2197 636 2276 supple
655 2197 738 2266 dies,
759 2197 924 2269 secundus,
944 2199 1064 2267 tertius,
1082 2216 1167 2276 quar-

201 2571 221 2618 F.
230 2535 287 2617 cod.
296 2567 412 2616 Fcnchct.

438 2307 504 2363 tus,
517 2306 572 2352 etc.
586 2312 680 2372 usque
695 2291 732 2349 ed
749 2287 919 2370 septimum,
932 2293 985 2370 qui
999 2292 1167 2372 simpliciter

437 2391 594 2450 vocabatur
604 2390 766 2448 sabbatum.
1047 2445 1049 2450 ,

478 2491 515 2546 V.
545 2497 620 2558 104„
637 2489 718 2572 Solos
740 2487 882 2544 deducere
901 2485 1034 2564 vespm]
1053 2489 1169 2564 Verpus

439 2598 560 2644 vocatur
569 2583 677 2662 digitus
685 2581 868 2661 impudicus,
879 2602 939 2660 quo
949 2582 1042 2641 Judaei
1052 2581 1099 2640 die
1109 2582 1170 2640 sab-

440 2684 509 2743 bato
528 2701 650 2760 purgare
669 2699 757 2738 anum
777 2680 910 2738 feruntur
927 2701 935 2758 ς
955 2678 1034 2738 unde
1053 2679 1170 2738 Judeos

442 2800 547 2854 verpus
568 2790 661 2838 vocat.
682 2776 776 2834 Judaei
792 2778 869 2834 enim
888 2775 1023 2834 omnibus
1036 2774 1171 2854 gentibus

431 2877 526 2955 ,loqui
540 2875 749 2952 dedignantur3
763 2892 831 2929 cum
850 2872 957 2948 quibus
974 2871 998 2928 si
1015 2869 1171 2948 aliquando

442 2974 651 3052 loquerentur,
668 2970 763 3027 statim
787 2986 817 3024 se
838 2967 981 3025 lavabant.
1005 2967 1083 3024 Dicit
1103 2985 1171 3045 ergo

435 3089 514 3144 cos,
532 3073 608 3126 solos
628 3087 753 3144 cespes,
771 3064 802 3123 id
822 3076 865 3121 est
885 3061 1017 3132 Judaeos‚
1031 3081 1114 3139 aquae
1134 3062 1172 3120 sd

445 3168 558 3226 fontem
567 3165 674 3222 ducere
687 3160 815 3241 dignari:
831 3173 861 3220 et
872 3172 965 3230 certe,
977 3158 1053 3216 sicut
1059 3177 1111 3216 nos
1121 3177 1174 3236 per

445 3263 572 3322 indicem
583 3258 694 3338 aliquid
706 3258 881 3326 indicamus,
890 3257 930 3313 ita
941 3252 985 3312 illi
994 3254 1174 3332 designantes

447 3364 551 3440 'verpus
564 3359 714 3420 deducunt
727 3353 765 3412 ad
778 3355 889 3412 fontem
903 3351 1120 3410 insinuandum.

208 3437 290 3526 Ecod.
299 3471 433 3524 Alexandr.
458 3491 461 3500 ·
488 3460 525 3515 V.
544 3477 609 3534 1²9·
622 3451 779 3530 Minutal.]
793 3451 906 3508 Dicitur
918 3448 1110 3528 fragmentum
1124 3439 1192 3525 pass
1241 3477 1246 3484 ·
1285 3447 1287 3454 '

210 3891 377 3942 Ecobrment.
395 3879 405 3932 ,ss
421 3898 424 3906 ‘

176 3961 287 4010 Gmrini.

448 3557 510 3626 nis,
521 3553 603 3632 quod
616 3549 753 3628 usquein
766 3546 897 3606 medium
909 3563 1018 3604 annum
1031 3543 1102 3600 dicit
1113 3562 1177 3600 ava·

449 3673 516 3712 mm
537 3668 691 3710 reservare.
704 3649 833 3705 Vocatur
850 3654 949 3701 autem
967 3642 1092 3698 minutal
1108 3659 1125 3698 a
1145 3657 1178 3696 re

450 3749 579 3810 minima.

489 3849 527 3902 V.
536 3845 604 3902 260.
614 3838 736 3921 Fiscus]
745 3837 782 3898 Id
790 3849 833 3900 est
842 3835 973 3897 sacculus
980 3849 1177 3891 nummorum.

451 3917 541 4004 --ΙίτΙ
552 3937 596 4000 ad
613 3940 739 4015 czgu'lem.
761 3939 827 3995 Mos
846 3929 907 4028 era't
926 3936 1027 3996 Romae
1044 3925 1182 3987 divitibus
