2818 4654
48 520 51 527 ·
163 445 1040 585 nannenusconrcunnss.
1118 447 1123 456 ’

297 691 346 768 Ι).
373 691 532 771 JUNII
556 691 579 769 J
588 691 895 790 UVENALIS‚

399 870 472 931 Qut
489 869 599 919 nunc
619 870 803 921 nxsranr

135 1005 179 1072 nt
198 979 489 1078 mauornncl
518 1005 784 1096 (turanum)
811 1007 1073 1092 ramnum,

252 1182 396 1234 Quaqua
417 1183 436 1222 Δ
457 1181 568 1222 ΜΒΝ
588 1182 763 1222 FUHUM
782 1183 952 1225 COLM'H·
994 1189 997 1200 '

507 1336 691 1358 mm

189 1483 213 1526 E
240 1478 473 1548 CATALQGO
498 1471 722 1526 IMPRE'SSO
749 1478 878 1527 CODD·
908 1481 1000 1530 MSS·

198 1625 227 1688 Ι.
251 1613 365 1688 ¹(Joalear
383 1623 545 1688 Puteanus
566 1621 734 1712 (catalogi,
747 1623 788 1687 n⁰
806 1645 902 1711 7900·
921 1624 997 1713 a).

102 1763 234 1868 Connx
242 1809 487 1881 membranaceus,
494 1812 594 1869 formae
601 1829 690 1887 quam
697 1827 835 1868 vocamus
843 1811 966 1884 infolio,
977 1823 1103 1872 exeunte

99 1923 171 1964 nono
183 1906 305 1977 saeculo,
314 1919 349 1964 ut
359 1908 444 1965 nobis
454 1907 550 1964 visum
565 1918 622 1977 est,
635 1918 781 1978 exaratus,
795 1918 930 1965 constans
945 1905 999 1964 155
1012 1907 1101 1967 foliis.

97 2003 198 2061 Praeter
211 2002 360 2062 luvenalis
373 2004 472 2060 satiras
484 2004 515 2060 in
529 2004 660 2081 quinque
674 2002 764 2061 libros
777 2003 959 2081 dispertitas,
971 2005 1103 2064 continet

96 2097 221 2157 Terentii
234 2099 409 2169 comoedias,
422 2100 534 2158 Horatii
550 2099 642 2176 lyrica
658 2100 785 2158 carmina
798 2112 828 2157 et
840 2099 993 2178 epistolas,
1007 2105 1103 2160 Luca-

93 2212 166 2251 num
175 2207 206 2252 et
216 2194 391 2250 Martiarum
400 2192 547 2270 Capellam
558 2213 627 2250 cum
640 2193 774 2262 scholiis,
789 2207 818 2251 et
831 2193 952 2272 quidem
962 2198 1102 2274 copiosis-

90 2290 191 2360 simis,
207 2288 259 2346 sed
275 2307 379 2366 parum
397 2286 529 2344 utilibus.
546 2289 642 2367 Hujus
658 2287 766 2345 codicis
786 2289 925 2366 scriptura
945 2311 1005 2350 non
1024 2307 1101 2354 recta

92 2385 226 2465 quidem,
237 2404 291 2442 neo
298 2383 431 2463 pulchra,
442 2383 493 2442 sed
503 2383 574 2442 levis
580 2395 612 2442 et
620 2383 698 2444 lectu
708 2383 918 2455 facillima‚'etsi
926 2387 1101 2466 quibusdam

91 2484 120 2542 in
128 2485 203 2542 loeis
213 2481 420 2552 minutissima,
434 2479 542 2559 pallida
552 2492 640 2559 atque
649 2493 791 2541 vetustate
801 2502 893 2561 prope
903 2482 1008 2544 deleta.
1021 2489 1101 2546 Inter

93 2594 207 2640 caeteros
215 2577 421 2657 memorandus
429 2576 508 2636 idem
517 2590 573 2648 est,
585 2591 705 2657 propter
714 2580 932 2658 antiquitatem,
943 2594 972 2641 et
980 2597 1100 2664 propter

93 2661 255 2737 varietatem
276 2677 458 2746 lectionum,
474 2694 600 2753 quarum
621 2674 809 2734 notabiliores
833 2675 947 2754 aliquot
969 2679 1000 2736 in
1025 2699 1100 2757 prae-

93 2777 175 2832 sentis
192 2774 330 2832 editionis
346 2771 492 2830 curriculo
514 2771 698 2830 notavimus:
717 2789 778 2828 non
798 2783 895 2830 tamen
916 2773 1030 2832 mendis
1049 2794 1098 2833 ex-

92 2890 168 2947 pers,
184 2872 236 2930 sed
254 2891 271 2928 a
290 2890 380 2928 manu
396 2867 551 2926 recentiori
572 2867 742 2926 emendatus
764 2880 816 2926 est.
834 2873 875 2926 'At
892 2870 1025 2948 quisquis
1045 2871 1096 2930 ille

93 2967 174 3026 fuerit
186 2967 409 3046 intempestivus
422 2963 591 3042 castigator,
605 2963 710 3022 melius
724 2976 801 3022 certe
814 2963 923 3022 codicis
933 2967 1098 3026 auctoritati

92 3065 298 3136 consuluisset,
311 3064 335 3120 si
349 3082 417 3121 eum
432 3051 579 3138 integrum
597 3059 770 3139 reliquisset.
786 3063 822 3117 In
837 3061 1012 3139 quibusdam
1028 3064 1096 3122 libri

92 3158 375 3242 loeis‚reperim1tur
391 3160 514 3240 majores
527 3156 630 3215 litterae
643 3169 673 3214 et
686 3157 785 3236 ligurae
799 3157 910 3216 calamo
926 3159 1094 3234 delineatae3

91 3257 138 3315 sed
148 3259 237 3317 rudes
250 3275 285 3315 ae
297 3256 459 3326 deformes,
472 3266 502 3312 et
513 3253 599 3332 plane
611 3253 733 3322 saeculo,
745 3267 808 3330 'quo
821 3253 871 3311 ille
885 3256 1009 3334 scriptus
1020 3255 1092 3330 trit,

92 3358 302 3416 convenientes.
318 3357 360 3412 Eo
374 3366 474 3413 autem
486 3351 589 3409 codice
606 3350 768 3428 plurimum
781 3350 966 3421 nsi.fuimus;
982 3353 1094 3432 quippe

91 3451 180 3526 quiex
188 3452 297 3511 eodem
307 3460 395 3527 atque
403 3461 487 3508 vetus
498 3445 589 3505 schol.
602 3433 715 3503 Pithoei
728 3443 884 3523 exemplari
893 3445 1017 3519 ductus,
1029 3469 1094 3527 per-

90 3558 216 3606 vetustus
230 3549 321 3617 iton,
335 3545 419 3604 nobis
438 3545 470 3602 in
489 3544 543 3602 hae
562 3541 690 3600 editione
710 3541 885 3600 recensenda
900 3544 1019 3608 maximi
1031 3564 1093 3604 esse

92 3647 228 3704 momenti
240 3643 321 3702 visus
335 3655 387 3700 est.

325 3783 372 3848 11.
392 3781 593 3847 Mazarineus
610 3781 631 3846 I
646 3779 706 3869 (n⁰
726 3777 853 3868 dno).

127 3934 199 3992 Cod.
216 3933 342 3995 membr.
357 3934 388 3994 in
407 3932 459 3994 fol.
475 3933 506 3992 X
521 3931 627 4012 saeculo
641 3942 786 4009 exaratus,
799 3941 934 4090 constatque
948 3930 985 4000 84
1000 3929 1086 3990 foliis.
