2930 4660
245 338 328 437 ι561
446 325 1024 419 ‚uutnvnnusrouult

241 485 273 527 v.
292 485 347 550 91.
373 461 471 544 Quod
484 477 570 526 tutos
581 461 680 527 etiam
689 459 796 524 facita
807 456 1008 546 serpentibus
1020 447 1133 538 ateio]
1247 523 1249 529 y

282 601 329 660 Sic
348 621 465 672 omnes,
479 620 540 659 non
555 611 652 657 autem
672 599 762 673 Afris.
780 599 866 654 Hunc
884 614 1001 653 versum
1020 591 1120 651 deesse
1139 589 1171 647 in
1189 606 1241 646 suo

245 699 357 777 optimo
371 711 400 755 et
414 698 608 758 vetustissimo
622 694 780 772 exemplari
792 694 831 750 ait
844 691 990 750 Pithoeus.
1006 689 1044 746 H.

244 851 277 908 r.
302 832 372 908 rol.
396 830 463 892 Aut
476 829 580 915 glacie
595 849 740 916 aspersus
756 797 889 890 maculis
903 821 1096 900 Tiberinus,
1110 817 1224 906 etipse

368 1007 372 1014 Ι
397 924 540 990 Vernula
554 925 713 1014 riparum,
728 924 857 1012 pinguis
869 934 1006 1010 torpente
1017 919 1141 997 cloaca,
1152 913 1234 1002 eto]

285 1066 384 1122 Glacie
391 1105 402 1135 ,
415 1082 452 1121 an
466 1065 552 1122 estin
566 1063 679 1144 glacie?
693 1083 730 1124 an
741 1064 831 1140 glacii
846 1081 900 1140 pro
918 1059 1024 1136 glaciei
1040 1073 1173 1134 aspersus
1186 1073 1245 1112 ma·

244 1161 342 1218 culis?
355 1160 490 1218 Libenter
503 1161 628 1238 legerem
639 1163 769 1236 glareae,
785 1171 819 1216 ut
835 1145 1003 1216 concolores
1022 1151 1149 1212 maculas
1162 1151 1248 1209 Tibe-

244 1257 303 1316 rini
319 1260 428 1332 glareoe
447 1257 506 1334 (au
526 1256 654 1333 graver)
673 1261 759 1336 poeta
780 1256 902 1325 faceret,
915 1253 971 1312 nisi
988 1251 1019 1310 iu
1040 1249 1135 1330 glarea
1156 1248 1249 1340 prima

243 1351 331 1431 ionga
343 1353 478 1410 obstaret.
492 1353 547 1411 Vol
560 1365 637 1439 certe
650 1353 793 1431 legerem3
810 1432 813 1439 ι
1245 1337 1248 1344 ’

424 1468 479 1516 Aut
489 1466 570 1532 glanii
580 1484 694 1532 aspersus
705 1467 823 1526 runculis,
835 1479 882 1516 eto.

247 1573 290 1632 Ut
302 1569 388 1648 piscis
398 1569 517 1628 nomine
531 1571 685 1628 Tiberinus
697 1569 802 1628 habeat
814 1569 943 1627 maculas
954 1567 1122 1627 concolores
1131 1565 1252 1623 maculis

186 1649 192 1662 ⁸
244 1669 344 1742 ,glauii
358 1666 445 1744 piscis
465 1666 578 1724 marini.
602 1668 722 1722 Glanius
741 1678 918 1724 memoratur
935 1665 1029 1723 Plinio
1049 1663 1101 1722 lib.
1115 1665 1253 1733 XXXII,

248 1781 313 1840 cap.
331 1784 347 1836 7
367 1776 397 1820 et
412 1761 527 1820 ultimo.
549 1767 638 1821 Porro
659 1761 816 1840 legendum
837 1782 897 1820 non
919 1775 962 1820 est
981 1775 1110 1836 torpente
1130 1763 1250 1829 cloaca,

250 1841 304 1919 sed
317 1874 453 1932 torrente,
467 1881 504 1918 ex
518 1860 611 1919 Plinio
625 1861 656 1918 in
670 1880 733 1939 cap.
751 1860 1019 1940 15‚1ib.xxxvt.
1034 1860 1080 1919 lbi
1096 1860 1173 1918 enim
1186 1877 1253 1917 cor·-

250 1955 335 2016 rivati
349 1968 460 2034 septem
473 1976 572 2014 amnes
587 1977 674 2016 cursu
695 1958 835 2038 praecipiti
855 1958 1019 2014 torrentium
1036 1955 1126 2014 modo
1140 1955 1256 2033 rapiunt

250 2064 339 2130 atque
353 2054 488 2110 auferunt
501 2055 617 2126 omnia;
632 2055 751 2132 insuper
768 2053 912 2112 imbribus
925 2054 1061 2114 concitati
1073 2053 1145 2110 vada
1158 2072 1191 2109 ac
1205 2051 1255 2108 lit-

214 2136 215 2142 *
252 2161 315 2207 tora
329 2149 482 2227 quatiunt:
495 2150 652 2228 aliqnando
664 2145 775 2210 Tiberis
789 2163 866 2209 retro
880 2133 1255 2227 infiisi'recipiuntfluctum
1274 2203 1282 2218 ,
1348 2141 1352 2148 ’

250 2257 441 2326 pugnantque
453 2245 558 2306 diversi
571 2249 714 2326 aquarum
727 2248 855 2326 impetus
869 2247 962 2317 intus,
975 2258 1030 2304 etc.
1045 2247 1120 2323 Ergo

250 2355 253 2363 ’
429 2398 436 2411 .
455 2400 461 2412 .
479 2373 486 2412 “.
504 2399 637 2413 ......
654 2363 755 2430 pinguis
768 2375 873 2413 torrente
885 2364 985 2422 olores,

253 2465 368 2525 'dictum
387 2469 470 2546 quasi
482 2489 543 2546 per
563 2467 803 2542 admirationem,
821 2479 856 2526 ut
876 2468 907 2525 in
928 2486 1004 2546 aque
1024 2476 1150 2526 torrente
1172 2464 1259 2543 piscis

253 2561 408 2622 Tiberinus
422 2564 458 2620 sit
473 2559 570 2621 tamen
582 2563 714 2640 pinguis,
731 2575 870 2642 tanquam
890 2565 921 2621 in
939 2575 1072 2640 torpente
1089 2573 1118 2620 et
1132 2563 1260 2640 pignano

255 2671 381 2717 mortua.
394 2658 539 2716 luvenalis
552 2657 715 2720 Pithoeanae
729 2661 881 2733 editionis,
896 2673 925 2720 et
939 2661 1123 2740 Rigaltianae‚
1135 2672 1164 2718 et
1175 2677 1260 2718 mens

253 2753 393 2826 editionis¹
402 2754 721 2832 Lugduni-Batavorum
729 2755 1013 2826 anni1600‚habent
1022 2769 1144 2816 torrente
1151 2755 1258 2814 cloaca.

254 2851 301 2912 be
318 2850 455 2914 Tiberino
468 2849 553 2937 pisce
572 2853 669 2933 aliqua
691 2855 788 2914 notavi
809 2855 889 2934 apud
910 2852 1072 2926 Galeam,
1091 2855 1144 2932 qui
1160 2853 1261 2914 Romae

255 2959 385 3006 versatus
400 2959 459 3018 est,
474 2959 553 3008 etan
567 2950 592 3008 is
607 2950 696 3029 lupus
713 2953 759 3008 sit.
777 2954 875 3011 Potest
892 2962 921 3009 et
937 2951 1017 3028 apud
1029 2949 1217 3030 lateralem,
1233 2961 1263 3007 et

256 3043 338 3120 npnd
351 3043 478 3103 Plinium
491 3046 558 3105 loco
572 3043 659 3120 citato
674 3047 730 3126 legi
747 3051 863 3123 gladius
875 3066 929 3126 pro
941 3051 1056 3122 glanius
1068 3060 1098 3106 et
1110 3047 1189 3128 apud
1204 3051 1221 3104 J
1223 3068 1260 3104 u·-

258 3140 391 3198 venalem
412 3161 466 3220 pro
486 3145 595 3218 gland,
613 3145 709 3218 gladii
726 3163 858 3222 aspersus
880 3144 1018 3216 maculis,
1037 3157 1071 3202 ut
1093 3145 1129 3203 sit
1149 3143 1262 3222 xiphias

257 3237 346 3315 piscis
356 3239 501 3310 marinus,
513 3240 635 3299 Aeliano
646 3253 839 3311 memoratus,
851 3260 940 3319 quem
951 3241 1122 3302 Theodorus
1131 3241 1263 3318 glaclium

252 3332 470 3411 interpretatur.
487 3337 525 3392 H.

51 3565 55 3572 ι
151 3478 159 3488 ‘
257 3496 291 3540 v.
313 3475 386 3541 135.
411 3475 461 3538 Da
474 3475 713 3566 Trebi0,pone
726 3475 767 3541 ad
779 3477 953 3559 Trebium,
966 3479 1014 3544 vis
1027 3478 1264 3592 fraterabipsis

416 3571 518 3638 ilibus
528 3573 558 3661 i]

261 3712 309 3774 'Ab
323 3735 377 3794 pro
392 3713 489 3774 dehic
502 3717 600 3796 posuit
612 3685 815 3786 luvenalisiet
828 3720 897 3806 ipsis
910 3738 964 3797 pro
976 3718 1021 3774 Ius
1034 3730 1085 3776 aut
1099 3679 1168 3776 bot.
1181 3701 1265 3788 Vin'i
1294 3777 1298 3781 .

263 3825 315 3870 aut
328 3813 426 3884 visne,
441 3813 544 3884 frater,
560 3814 597 3872 de
617 3815 679 3872 istis
698 3815 787 3874 ilibus
805 3815 919 3895 aliquid
936 3827 1069 3893 gustare,
1083 3814 1195 3892 aliquid
1214 3813 1267 3872 tibi

202 3934 206 3950 ¹
262 3911 371 3990 apponi
381 3952 390 3983 ,
399 3910 453 3969 tibi
464 3911 544 3970 darii
556 3912 609 3973 Vis
621 3911 734 3991 aliquid
746 3913 783 3974 de
795 3914 857 3974 istis
868 3926 919 3974 aut
929 3913 968 3974 de
981 3913 1026 3972 bis
1037 3913 1145 3988 ilibus,
1160 3913 1265 3972 frater?
