2924 4662
267 357 331 427 300
492 344 635 422 VETT.
657 345 1033 448 COMMENTARH

304 480 379 538 thid.
399 483 554 548 Pomoeria.
557 487 567 551 ]
580 484 656 538 Loca
674 479 876 588 appellantur,
892 497 958 556 quae
973 477 1049 534 intra
1064 485 1263 578 murosennt,

266 575 323 634 hoc
337 588 380 634 est
391 595 490 654 ‚pone
503 593 610 633 muros

305 677 340 728 V.
359 680 403 739 rt..
417 674 521 728 Fascia
535 674 614 728 viret
603 673 628 742 ]
642 669 797 728 Psilotrunr
810 668 966 746 significet,
980 667 1136 744 dropacem
1147 684 1207 742 qno
1219 683 1267 723 so-

171 801 175 808 ·
266 768 345 826 lebat
360 785 390 824 ee
403 785 537 825 accurare
550 767 601 844 (4).

282 895 286 902 ·
303 865 339 919 V.
359 864 403 919 16.
420 865 499 936 Quid
510 865 615 918 macres
628 865 702 938 aegn'
710 863 832 930 reterre]
845 862 888 918 ln
900 877 997 917 macer
1009 870 1039 916 et
1053 857 1188 928 decolor,
1200 869 1265 915 tnn-

266 953 355 1037 quanr
368 959 574 1036 quartanarius.

306 1058 342 1110 V.
358 1075 402 1126 17.
417 1055 699 1129 Domesticasebn‘s.]
715 1054 876 1120 Cometa,
893 1050 1049 1108 familiaris.

306 1155 342 1208 V.
361 1151 405 1209 18
419 1151 600 1225 Deprendas.
603 1154 613 1219 ]
624 1148 659 1206 Id
672 1161 731 1219 est,
744 1167 829 1207 omne
841 1147 944 1204 vitium
958 1144 1100 1224 corporis,
1112 1143 1172 1201 sive
1185 1143 1268 1221 egri-

269 1245 358 1316 tudo,
372 1265 408 1303 ex
422 1246 505 1303 faciei
518 1245 616 1304 colore
629 1244 865 1322 deprehenditur.

283 1348 342 1400 V.
361 1363 405 1418 19.
419 1345 511 1399 Sumit
521 1353 667 1417 utrumque
680 1343 747 1398 inde
760 1337 998 1414 kab.sacies.]1d
1011 1347 1068 1406 est,
1079 1347 1109 1394 et
1122 1335 1229 1394 letitiae
1239 1349 1272 1394 et

268 1459 473 1499 erumnarum.
997 1429 999 1434 ’

307 1539 343 1590 V.
357 1554 404 1591 nn.
416 1537 531 1602 Fanum
541 1535 626 1591 Isidis
638 1546 668 1588 et
678 1532 896 1606 Ganymedem]
911 1533 1018 1588 Statuae
1028 1526 1068 1584 ad
1081 1545 1154 1605 quae
1164 1547 1268 1586 conre-

270 1631 389 1688 niebant
402 1630 514 1687 cinaedi.

308 1728 343 1781 V.
360 1726 406 1782 23.
421 1728 460 1782 Et
471 1727 597 1781 advectae
609 1726 729 1798 palatia
744 1725 869 1793 Matrin]
889 1722 988 1780 Matris
1005 1718 1104 1798 Derim¹
1119 1720 1270 1798 mysteria,¹

270 1823 355 1900 cujus
368 1819 510 1897 templum
523 1819 554 1876 in
569 1819 675 1896 palatio
685 1829 738 1879 est.

309 1921 344 1973 V.
358 1917 404 1972 26.
420 1917 560 1990 Quodque
572 1927 649 1971 taces
659 1916 755 1990 ipson]
770 1911 888 1971 Solebas
902 1911 1027 1984 scilicet,
1039 1910 1120 1990 quod
1131 1930 1187 1968 non
1198 1929 1269 1967 con-

271 2013 369 2071 fiteris.
380 2015 444 2072 Hoc
456 2023 556 2073 autem
564 2011 644 2069 vult:
658 2031 694 2070 ex
707 2029 828 2087 persona
842 2012 928 2088 poeta
943 2028 1044 2068 eorum
1058 2009 1144 2066 refert
1159 2007 1211 2085 qni
1225 2005 1271 2064 di-

270 2110 344 2168 vites
355 2107 397 2186 (5)
411 2128 441 2182 se
454 2107 593 2180 inclinant
603 2107 696 2191 viros,
712 2118 809 2164 ettam
822 2105 937 2164 modica
947 2116 1173 2185 consequuntur.

309 2208 347 2262 V.
365 2224 411 2278 27.
429 2206 502 2278 Utile
519 2218 547 2262 et
560 2205 634 2275 hon]
647 2203 782 2262 Naevolus
796 2202 852 2260 ho'c
866 2203 961 2262 refert.

252 2277 262 2300 ι
310 2304 346 2356 V.
362 2303 409 2358 28.
422 2303 545 2376 Pingues
557 2303 716 2376 aliquando
730 2303 880 2369 lacman]
899 2302 935 2356 In
951 2297 1008 2356 alio
1024 2298 1161 2376 pingues,
1175 2309 1210 2354 ut
1224 2316 1270 2354 os-

273 2397 372 2470 tendat
388 2416 514 2475 grossas,
525 2416 557 2453 ac
572 2417 626 2474 per
640 2396 697 2454 hoc
713 2394 873 2475 pluviales·
890 2413 955 2473 quae
972 2395 1104 2452 muniant
1122 2413 1140 2450 a
1156 2393 1270 2472 pluvia,

274 2513 334 2552 non
350 2513 416 2571 quae
430 2505 543 2551 ornent.

311 2592 348 2645 V.
365 2589 411 2645 30.
427 2593 466 2644 Et
474 2593 550 2646 male
553 2595 727 2664 percussas]
742 2589 818 2646 Male
832 2599 931 2646 textas.

311 2684 388 2741 Ibid.
412 2686 539 2743 Τριτωνὶς
550 2688 667 2778 pectine
688 2687 784 2756 Galla]
799 2687 917 2755 Veneti,
932 2697 983 2744 aut
998 2685 1133 2743 albedine
1148 2685 1270 2742 cadurco

261 2778 392 2838 ·eucullo
406 2800 413 2835 ι
430 2792 464 2836 ut
477 2779 563 2836 alibi:

447 2889 527 2953 Atque
539 2887 575 2938 ihi
585 2899 715 2938 contentus
724 2901 811 2938 veneto
825 2889 937 2954 duroque
947 2889 1052 2938 cucullo.

313 2985 349 3038 V.
368 2983 414 3040 31.
432 2985 529 3040 Tenue
544 2995 690 3058 argentum
709 3003 850 3059 venaeqne
867 2986 1047 3054 secundae]
1037 2982 1205 3056 Modicum,
1220 2969 1284 3038 aut'

244 3069 245 3072 ¹
275 3079 358 3149 leve,
373 3096 505 3136 aerosum.

314 3178 350 3232 V.
366 3175 411 3244 33.
430 3176 549 3248 Quas'
521 3194 598 3230 smus
613 3175 780 3244 abscondit]
795 3178 902 3232 Penem
914 3174 992 3232 dicit.

313 3267 389 3327 Ibid.
404 3271 484 3325 Nam
497 3289 522 3324 ιι
519 3270 584 3325 tibi
592 3271 687 3326 sidera
702 3275 831 3339 cessant]
847 3271 877 3326 Si
891 3282 920 3326 te
932 3289 991 3327 non
1006 3269 1123 3347 adjuvat
1133 3269 1235 3326 fatum.

312 3367 349 3420 V.
365 3365 411 3431 34.
425 3363 562 3418 Mensura
576 3365 738 3440 incognita]
754 3364 829 3421 Ante
841 3382 901 3421 non
913 3365 972 3421 visa
979 3383 1067 3441 ,quae
1082 3363 1201 3422 excedat
1212 3361 1277 3440 opi·

273 3459 393 3520 trionem
410 3457 570 3515 hominnm.

313 3559 351 3612 V.
373 3554 418 3612 35.
437 3557 593 3629 Spumanti
610 3557 690 3612 Virro
711 3556 837 3627 labella]
856 3557 932 3628 Quia
953 3555 1091 3616 salivosus
1111 3555 1175 3613 fuit.
1191 3553 1285 3611 Virro.

274 3671 382 3711 nomen
393 3649 497 3708 divitis.
507 3649 659 3722 Quamvis
671 3650 780 3727 inquit,
791 3649 841 3709 ille
850 3651 930 3708 dives
939 3649 1067 3708 cinaedus
1077 3670 1182 3728 penem
1192 3661 1279 3706 tuum

275 3748 471 3826 conspexerit,
484 3759 513 3806 et
528 3746 685 3826 cupiditate
698 3746 812 3806 blandis
825 3759 854 3805 te
868 3747 997 3825 epistolis
1010 3759 1039 3805 et
1051 3747 1206 3824 clypticis*
1219 3744 1283 3802 so}-

272 3846 381 3916 licitet,
394 3842 466 3900 nihil
482 3856 579 3902 tamen
595 3841 735 3920 accipies,
749 3843 806 3902 nisr'
797 3843 915 3902 steltas
928 3843 1002 3904 bene
1018 3843 1126 3926 positas
1136 3842 1167 3901 in
1180 3839 1281 3921 genesi

273 3940 426 4016 habueris,
440 3959 506 4022 quae
520 3939 574 3999 tibi
587 3937 652 4000 hoo
659 3949 805 4020 praestent.
