2922 4672
291 537 722 744 nunninus
765 553 1129 709 VALESII,

426 815 570 886 cons,
589 817 799 889 nrmsr.
821 821 988 910 enon,

372 1127 663 1238 CAROLI
704 1130 1049 1257 VALESII,
1130 1049 1133 1054 Ι

209 1353 257 1432 iu
277 1373 447 1434 senisu
468 1374 720 1437 rsnrsmum
740 1379 983 1453 clnssnun
1001 1382 1213 1463 ess-nour,
1239 1460 1242 1466 1

314 1573 543 1666 nomn
573 1569 1100 1673 susurronem.
1198 1535 1201 1541 ’
1249 1547 1252 1554 ’

619 1809 802 1832 mm

209 2029 213 2036 .
340 1933 1080 2088 ,nossentsnntnsntrntmpms
1163 1939 1166 1944 Ι

209 2181 315 2246 versu
329 2201 358 2244 2.
382 2131 589 2247 stsrns
608 2180 701 2245 toties
716 2182 806 2244 rauci
819 2180 977 2248 Theseide
990 2183 1112 2273 Corde]

251 2324 292 2379 At
309 2317 386 2398 opud
399 2322 530 2380 Servium
546 2319 577 2378 in
594 2321 689 2398 primo
703 2320 848 2380 Aeneidos
865 2323 968 2393 Codn,
983 2317 1013 2380 et
1024 2321 1170 2383 Juveiatis
1183 2327 1214 2386 in

208 2415 294 2474 satira
307 2416 387 2474 tertia
401 2419 518 2474 Cordus.
532 2419 568 2474 In
578 2418 690 2504 pptimo
702 2413 778 2474 libro
789 2417 898 2474 Codrus
910 2436 945 2475 ex
954 2417 1090 2489 Pithon,
1100 2427 1130 2478 et
1139 2420 1214 2480 forte

208 2513 331 2584 melius,
351 2509 419 2572 cinn
437 2527 520 2571 vetus
542 2514 683 2592 interpres
702 2511 739 2571 de
761 2513 865 2572 eodem
885 2518 972 2593 poeta
992 2515 1148 2596 utrobique
1169 2520 1216 2598 egi

208 2603 309 2670 not'et.'
322 2613 499 2669 Hodnunus.
969 2619 972 2624 '

207 2777 238 2818 v.
261 2777 310 2818 12.
334 2754 500 2818 Frontonis
513 2754 648 2844 platani,
661 2752 877 2842 convulsaque
890 2777 1049 2819 marmora
1061 2756 1201 2823 clamant

335 2851 487 2939 Semper,
503 2866 535 2914 et
547 2849 676 2914 assiduo
689 2866 790 2939 ruptae
801 2850 920 2915 lectore
933 2852 1125 2942 columnus]

246 3003 333 3059 Hunc
340 3005 513 3058 Frontonem
526 3000 583 3058 Dio
594 3001 709 3058 Cassius
721 2999 752 3058 in
763 3001 822 3058 vita
831 3003 933 3060 Nervae
944 3001 1102 3060 Consulem
1111 3016 1211 3077 vocet,

207 3100 244 3154 A.
259 3097 386 3167 Gellius,
397 3097 449 3154 lib.
465 3100 512 3167 11,
525 3116 587 3176 cap.
605 3098 641 3154 26
651 3139 660 3167 ,
672 3099 808 3153 Marcum
819 3101 994 3156 Frontonem
1007 3098 1212 3172 Consularem,

206 3214 297 3272 quem
308 3195 349 3250 ait
362 3197 463 3251 Romae
476 3192 623 3271 plerisque
636 3193 705 3250 viris
721 3191 815 3249 doctis
828 3193 1037 3271 praesentibus,
1050 3194 1125 3252 inter
1137 3215 1213 3272 quos

206 3276 268 3368 ipse
281 3289 449 3347 adolescens
462 3300 492 3347 et
505 3288 682 3346 Phsvorinus
696 3287 898 3366 philosophus
903 3301 1000 3359 erant,
1016 3289 1053 3346 de
1061 3289 1215 3376 coloribus
1252 3339 1253 3342 ,

205 3386 389 3458 disseruisse3
399 3384 451 3442 lib.
460 3396 558 3442 autem
565 3387 653 3454 XIX,
666 3403 730 3461 cup.
741 3385 759 3441 8
770 3394 799 3441 et
811 3404 855 3441 ιο.
865 3389 1039 3444 Frontonem
1051 3387 1214 3444 Cornelium

205 3484 353 3553 nominat,
366 3483 406 3538 ita
421 3493 455 3538 nt
468 3480 587 3537 omnino
600 3479 696 3537 dicms
710 3479 747 3537 sit
759 3481 802 3536 M.
819 3481 965 3537 Cornelius
977 3483 1104 3551 Fronto,
1117 3483 1215 3560 sitque

203 3579 283 3639 bunc
294 3577 420 3657 pedibus
431 3576 555 3654 gaviter
570 3593 679 3652 segrum
694 3574 782 3650 (tunc
795 3575 873 3632 enim
886 3589 973 3632 senex
987 3575 1065 3653 erat)
1078 3567 1215 3636 cubuisse

201 3678 234 3734 in
245 3673 409 3752 scimpodio
421 3670 577 3729 Graecicnsi
590 3669 833 3747 circumundique
847 3669 1016 3734 sedentibus
1029 3669 1130 3731 multis
1144 3674 1216 3732 doc-

203 3771 293 3842 trinl,
303 3781 355 3828 snt
363 3787 483 3848 genere,
492 3774 543 3824 aut
552 3764 667 3824 fortuni
677 3766 827 3825 nobilibus
835 3768 913 3840 visis,
924 3787 1052 3846 quorum
1058 3788 1216 3848 congressu

201 3869 272 3946 quia
287 3868 333 3930 vir
350 3867 458 3924 doctus
476 3861 692 3934 delectabatur,
708 3862 830 3920 domum
851 3863 914 3942 ipse
929 3883 1013 3922 suam
1027 3864 1216 3927 recitantibus
1310 3920 1323 3949 x,

203 3961 420 4025 commodabat.
436 3962 522 4020 Hunc
542 3958 629 4016 etism
649 3956 760 4018 Plinius
780 3957 831 4016 lib.
850 3961 902 4034 lv,
918 3961 1001 4037 epist
1017 3979 1047 4036 9.
1062 3979 1117 4038 pro
1131 3965 1216 4023 nasso
