2930 4660
366 372 543 442 Notati
568 375 626 442 IN
645 375 977 443 JquNALEM.
1112 373 1179 444 sab

171 499 329 558 dameso'aa
349 500 486 558 seditioni
502 502 578 570 tela,
598 499 630 558 id
651 512 710 570 eet,
729 501 896 572 familiaria,
911 511 1065 570 consuete,
1081 499 1177 558 solita.

168 597 206 656 Id
219 596 372 660 confirmat
387 595 529 673 interpres
548 595 712 668 Iuvenalis,
725 598 778 675 qui
796 600 952 662 demetata
969 599 1105 656 seditione
1119 600 1179 652 teta

170 692 296 770 explicat
310 693 505 770 competentia
518 692 605 750 vicini
626 693 726 750 firrori.
741 695 815 750 Nam
833 693 915 752 nulla
928 693 969 752 sic
983 705 1051 751 sunt
1065 693 1180 752 domes·

171 791 229 847 tica
242 789 402 846 rixantibus
417 788 483 850 tela.
500 790 665 848 Domestica
678 789 858 858 nantibus,
872 791 1067 867 competentia
1086 788 1180 848 furori

170 885 219 944 vel
230 885 393 943 sumntibus
403 884 482 943 idem
495 897 539 943 est
550 905 584 942 ac
597 885 754 944 domestica
765 886 812 944 vel
824 885 974 944 familiaria
985 886 1120 946 seditioni
1130 883 1179 948 vel

170 981 325 1040 seditiosis.
347 983 385 1038 II.

169 1153 201 1195 v.
218 1132 273 1220 76.
284 1131 359 1213 ,Qui
374 1133 484 1194 eterna
500 1130 614 1195 colunt
626 1132 777 1196 umbrasse
793 1131 932 1220 Tentyra
939 1132 1093 1220 paline]

210 1281 246 1338 Id
268 1291 326 1350 est,
339 1256 489 1356 palmetis.
508 1282 623 1337 Palmae
643 1283 794 1358 Aegyptioe
816 1294 846 1340 et
860 1285 976 1358 palme
1003 1281 1154 1338 Thebaicas
1164 1323 1174 1350 ,

171 1399 235 1456 cap.
255 1378 292 1434 ab
302 1419 311 1448 ‚
321 1376 373 1450 lib.
388 1380 435 1448 11,
450 1377 486 1435 de
499 1377 628 1436 aliment.
643 1378 827 1438 facultatibus
844 1379 954 1436 Galeno
968 1389 1175 1436 memorantur.

173 1471 289 1532 Palmoe
301 1473 452 1550 Aegyptlae
466 1485 495 1530 et
511 1475 671 1532 Thebaides
683 1474 796 1546 Plinio,
810 1468 862 1533 lib.
876 1466 967 1544 XIII,
981 1493 1044 1552 cap.
1060 1483 1088 1541 l.
1110 1475 1142 1530 C.

145 1687 146 1692 ,
171 1643 202 1688 v.
221 1621 274 1710 93.
297 1621 466 1702 Vascones,
481 1637 518 1686 ut
533 1623 616 1686 lama
630 1637 694 1707 est,
706 1624 861 1688 alimentis
873 1623 989 1688 talibus
1000 1623 1079 1688 olim

184 1785 189 1796 ,
293 1717 478 1784 Produxere
493 1720 649 1810 animas]

211 1867 247 1925 ld
261 1882 321 1941 est,
334 1870 466 1926 carnibus
478 1857 632 1941 humanas,
647 1869 685 1928 ad
698 1869 744 1940 id,
759 1870 869 1930 scilicet
880 1867 983 1928 miseri
997 1869 1091 1948 longae
1104 1867 1178 1926 obsi·

172 1964 269 2022 dionis
282 1967 467 2038 necessitate,
481 1967 583 2024 coacti.
597 1967 644 2026 sto
658 1967 695 2024 de
706 1967 871 2046 Saguntinis
884 1966 1008 2040 obsessis
1019 1965 1056 2024 ab
1068 1964 1179 2022 Hauni-

173 2058 240 2118 bale
255 2059 343 2118 Silius
358 2061 493 2132 Italicus,
505 2060 556 2120 lib.
572 2064 623 2118 11:

332 2179 392 2226 ’Est
403 2178 492 2226 tacitus
505 2178 574 2226 fessis
586 2194 632 2243 per
644 2180 744 2227 ovantia
756 2189 857 2244 pectora
870 2193 956 2226 sensns

348 2257 397 2302 Vel
408 2257 458 2306 leto
471 2258 583 2322 graviora
596 2257 648 2322 pati
659 2290 667 2317 ‚
679 2273 803 2320 rareque
811 2257 921 2306 iernrnm

349 2337 477 2386 Attentos-e
487 2337 575 2402 dapes,
585 2347 609 2388 et
620 2337 710 2388 mensis
724 2337 813 2386 addere
825 2337 926 2384 crimen.

349 2417 396 2466 sed
405 2417 523 2481 probibet
533 2417 605 2484 culpi
615 2418 738 2486 pollutam
748 2415 881 2466 extendere
889 2417 973 2465 lucem

349 2497 418 2546 Casta
428 2497 490 2548 fides
496 2533 504 2558 ,
509 2499 660 2562 paribusque
672 2498 762 2546 famem
776 2512 930 2561 compescere
940 2496 1056 2546 membris.

172 2598 209 2659 ld
221 2611 279 2672 est,
291 2599 434 2658 humanas
448 2622 546 2660 carnes
562 2623 666 2680 perum
679 2601 774 2660 abfuit
787 2602 859 2680 quin
873 2600 1002 2671 ederint;
1015 2599 1052 2658 de
1064 2599 1178 2658 edendo

171 2709 249 2754 certe
260 2695 426 2775 cogittrunt
438 2698 514 2755 lame
526 2699 626 2776 pressi.
642 2700 785 2754 Vascones
802 2710 899 2755 autem
918 2710 947 2755 et
966 2697 1123 2755 Cantabros
1139 2697 1179 2754 ob

165 2793 308 2876 ,viciniam
317 2793 441 2852 alterum
453 2815 506 2874 pro
517 2795 608 2854 altero
622 2795 767 2874 populum
778 2781 1181 2872 ponitJuvenalis.,1ntelligit

173 2890 252 2946 enim
275 2894 417 2948 Vascones
427 2934 437 2961 ,
458 2894 620 2962 obissent,
639 2904 754 2971 gentem
775 2892 920 2970 Hispaniae
940 2890 1180 2958 Tarraconensis,

174 2983 249 3042 inter
260 3005 386 3063 quorum
397 2986 620 3046 Mediterraneas
632 2988 721 3046 urbes
730 2989 886 3058 Καλαγορὶνα
899 2984 1055 3046 Ptolemaeo
1066 3005 1180 3044 memo-

172 3093 267 3151 ratur,
279 3081 309 3162 iel
321 3092 381 3153 est,
398 3084 565 3160 Calagnnb,
580 3104 669 3162 quam
681 3082 729 3143 hic
739 3083 886 3142 luvenalis
898 3083 1008 3154 innuit;
1019 3103 1084 3161 quae
1091 3085 1178 3137 Καλά-

173 3196 250 3249 γουρις
271 3181 416 3233 Οὑασκόνων
435 3183 504 3242 sol-se
526 3179 660 3240 Straboni
678 3193 807 3239 vocatur.
828 3179 938 3238 Plinius
958 3177 1034 3236 duos
1053 3175 1181 3255 populos

179 3273 398 3349 calaguritanus
411 3288 496 3334 vocat
512 3278 544 3334 in
557 3277 779 3348 Tarraconensi,
795 3291 824 3334 et
839 3275 1063 3355 cognominibus
1077 3273 1181 3331 distin*

175 3369 257 3448 guil,
270 3389 398 3448 quorum
411 3372 442 3430 bi
455 3375 559 3431 Nase'ci
564 3415 574 3443 ‚
588 3372 620 3430 hi
633 3375 843 3432 Fabularenses
854 3371 1105 3450 cognominantui.
1127 3371 1162 3427 C.

172 3539 204 3582 v.
218 3517 305 3589 rot..
316 3521 506 3602 ..Quisnam
513 3519 816 3588 hominumueuiam
822 3521 909 3602 dare,
916 3521 1027 3608 quisve
1033 3518 1183 3584 Deorum

298 3618 424 3683 Viribus
437 3619 588 3683 abnuerit
602 3617 671 3682 dira
683 3636 781 3706 atque
793 3620 945 3684 immania
958 3617 1075 3706 passis,

180 3804 184 3810 Ι
295 3717 338 3780 Et
351 3717 471 3803 quibus
484 3717 631 3806 ipsorum
647 3731 795 3805 poterant
808 3717 974 3805 ignoscere
987 3716 1117 3794 Manes,
1137 3777 1146 3806 ·

296 3813 447 3895 Quorum
460 3813 652 3904 corppribus
666 3813 877 3878 vescebantur
885 3812 920 3904 i]

212 3961 257 4020 Ita
270 3979 390 4034 omnes,
405 3961 503 4028 male:
517 3963 624 4022 viribus
639 3962 865 4041 enimsspruvuiris
876 3963 1075 4035 nondiciltrr,
1091 3961 1180 4042 prist

965 4057 1109 4122 15·
