2868 4658
340 353 959 422 INJUVEN.SATIRAMXIV.
1088 345 1210 435 341¹
1302 417 1304 427 ,

186 481 222 536 V.
239 478 303 540 151.
316 481 354 536 Et
363 493 433 556 quot
442 483 563 552 venales
576 480 702 550 injurie]
717 478 851 538 Molestia
863 479 980 536 confinii
993 480 1127 556 potentis.

187 579 224 632 V.
248 576 312 631 152.
336 577 431 646 Quc'cm
438 577 536 650 saedce
555 577 674 630 buccina
684 575 806 652 famoeI]
822 572 916 646 Quam
932 574 1007 632 mala
1023 576 1098 632 fama
1111 587 1154 632 est

148 673 241 730 avaris
254 673 431 750 potentibus.

188 773 225 824 V.
244 767 308 824 153.
329 771 409 842 Quid
420 781 503 825 nocet
517 769 601 838 laceo]
618 767 694 828 Mala
706 767 796 837 fama,
811 787 877 845 quae
894 767 930 825 de
943 787 991 824 me
1004 765 1154 843 loquitur:

150 864 297 922 avaritiam
309 864 388 921 dicit.
999 859 1004 872 '

146 1034 147 1037 Ἴ
190 963 225 1016 V.
242 959 305 1028 154.
324 961 420 1033 Quem
434 963 518 1017 sime
531 966 563 1030 s]
578 959 645 1017 Sine
665 971 778 1036 quaestu
796 958 896 1037 aliquo
907 957 972 1016 vilis
986 970 1030 1016 est
1047 957 1158 1016 collau·

152 1052 241 1113 datio.
1118 1069 1119 1076 ’

191 1157 227 1210 V.
245 1152 308 1210 156.
325 1155 439 1209 Scilicet
455 1165 485 1210 et
500 1155 625 1225 morbis-‚J
642 1151 678 1210 Id
700 1165 757 1223 est,
774 1153 798 1210 si
813 1153 998 1211 mediocriter
1012 1152 1159 1230 possideas

153 1249 235 1327 quod
253 1249 307 1306 tibi
327 1249 473 1343 acl-vitam,
486 1249 625 1320 sufficiat,
640 1249 776 1306 omnibus
795 1248 883 1307 rebus
901 1248 985 1306 malis
1003 1248 1113 1306 carebis
1131 1259 1160 1305 et

151 1347 271 1424 quietus
286 1345 349 1402 eris.

193 1441 268 1500 Ibid.
280 1443 433 1498 Debilitate
447 1444 576 1513 carebis]
592 1449 681 1514 Σχῆμα
694 1435 856 1513 broverum).

192 1539 228 1592 V.
248 1537 311 1610 157.
323 1541 362 1594 Et
376 1540 480 1593 luctum
496 1551 526 1595 ee
537 1546 656 1608 curare]
669 1539 745 1596 Mala
758 1540 868 1596 vitiosa.
1041 1613 1043 1618 Ι

193 1637 229 1691 V.
255 1636 318 1692 160.
345 1637 492 1708 Quantum
514 1637 566 1691 cub
590 1638 699 1705 Tatio]
720 1636 751 1693 Si
772 1648 886 1694 tantum
909 1635 1038 1712 possides
1062 1635 1160 1706 solus,
1183 1697 1186 1700 ,

154 1743 298 1810 quantum
310 1732 438 1808 populus
450 1735 601 1790 Romanus
614 1733 759 1810 possedit5
773 1735 917 1811 Campum
931 1733 1080 1790 Martium.

192 1834 228 1887 V.
248 1829 312 1884 162.
326 1831 452 1898 Prcelia,
466 1833 518 1885 vel
528 1831 693 1904 Pyrrhum]
706 1830 892 1905 Epirotarum
905 1849 1004 1906 regem
1018 1827 1162 1906 Pyrrhum
1200 1891 1204 1898 ¹

154 1925 236 1983 dicit.
252 1923 373 1980 Gladios
386 1924 545 1991 Molossos,
560 1925 731 1998 Epiroticos.

195 2021 231 2074 V.
252 2019 317 2083 164.
333 2020 444 2072 Merces
457 2037 493 2072 ea
502 2023 596 2091 sang]
611 2017 752 2090 Deductis
764 2019 795 2074 in
810 2019 924 2074 colonia
937 2019 1014 2074 viris.

197 2113 235 2169 V.
256 2111 320 2168 165.
341 2113 436 2168 Nullis
456 2113 521 2166 veisa
542 2132 568 2165 u.
593 2131 631 2165 m.
655 2111 703 2186 na]
724 2111 759 2165 Id
778 2123 836 2179 est,
849 2131 1000 2186 nunquam
1015 2113 1074 2166 visa
1097 2125 1165 2170 sunt
1200 2170 1204 2176 ,

158 2210 236 2267 dona
248 2207 362 2264 minora
376 2204 502 2274 meritis,
515 2205 546 2260 in
560 2205 677 2260 duobus
687 2205 855 2282 jugeribus:
870 2205 902 2262 id
916 2218 975 2276 est,
991 2225 1042 2282 par
1055 2225 1165 2263 merces

158 2302 378 2364 laboribusvisa
389 2313 432 2359 est
443 2299 501 2358 illis
512 2300 620 2378 quibus
632 2300 762 2357 dabatur.

198 2405 235 2458 V.
253 2399 317 2456 168.
333 2400 411 2453 Unus
420 2400 554 2466 vernulo,
568 2409 623 2452 trec
634 2395 763 2472 domini]
776 2389 934 2455 Ante⁴nam
943 2417 1037 2454 unum
1050 2417 1165 2454 servum

160 2497 260 2576 plures
272 2493 383 2552 domini
397 2491 558 2561 habebant,
571 2491 714 2569 quierant
727 2491 849 2569 parvuli.

199 2599 240 2651 V..
254 2613 317 2664 170.
330 2594 358 2647 Α
368 2591 466 2647 scrobe
471 2631 481 2658 ,
495 2593 548 2644 vel
557 2593 656 2660 sulco]
670 2589 730 2660 Qui
743 2587 879 2647 c'olebant
891 2601 1006 2648 terram.
1021 2592 1085 2648 Hoc
1098 2609 1166 2648 nam

162 2691 233 2748 dicit
245 2689 317 2746 alios
329 2688 360 2744 in
373 2677 473 2743 bello*
482 2683 555 2741 alios
567 2697 672 2742 terram
686 2685 791 2742 colere.

200 2790 236 2842 V.
256 2807 320 2858 171.
335 2785 487 2858 Amplior]
504 2781 659 2839 Parabatur
674 2781 792 2840 scilieet.
862 2813 865 2820 ⁴

200 2887 236 2940 V.
250 2901 314 2954 17²·
325 2883 409 2938 Nunc
421 2880 522 2934 modus
533 2879 579 2934 hic
589 2878 672 2956 egra]
685 2881 761 2936 Bene
774 2877 848 2935 dixit
860 2877 927 2955 plus
938 2898 1016 2936 nunc
1026 2880 1168 2957 possideri

162 2971 407 3052 inhorto‚quam
419 2987 490 3030 tunc
503 2975 534 3030 iu
547 2992 624 3052 agro.
1079 3025 1081 3028 ,

199 3074 320 3146 .V.'173.
333 3072 409 3127 Inde
414 3071 483 3143 fere
495 3074 631 3126 scelerum
645 3077 764 3141 canem]
778 3069 821 3127 Ex
834 3070 1014 3130 institutione
1027 3073 1168 3146 avaritiae‚
1269 3081 1271 3086 '

158 3167 376 3248 -quaeinterficit
387 3184 497 3222 veneno
509 3177 560 3221 aut
571 3166 657 3224 ferro.

204 3269 240 3322 V.
258 3264 323 3338 175.
339 3265 423 3319 Saeva
435 3261 561 3338 cupido]
577 3263 712 3320 Avaritia.

205 3365 241 3416 V.
256 3380 320 3432 177.
334 3361 373 3414 Et
381 3361 434 3412 cito
446 3357 603 3429 vultfieri.]
616 3361 670 3414 Per
685 3357 791 3414 scelera
804 3358 923 3416 scilicet.

137 3438 140 3444 Ι
206 3455 282 3514 lbid.
294 3457 354 3512 Sed
362 3473 431 3529 qooe
442 3471 529 3508 rever.
542 3453 656 3529 legum]
671 3453 857 3511 Exclamatio.

207 3549 325 3609 v.·180'.
340 3553 380 3606 Et
389 3550 530 3604 Hernicus
543 3551 631 3617 olim]
646 3547 785 3625 Virgilius
798 3570 804 3603 ε
820 3553 947 3606 Hernica
960 3570 1037 3606 saxa
1048 3555 1156 3624 colunt.

205 3649 242 3706 V.
260 3647 325 3703 181.
344 3642 549 3720 Vestinusque]
562 3641 713 3719 Oppidum
725 3656 769 3700 est
782 3643 881 3702 Italiae.

205 3743 282 3802 Ibid.
296 3741 415 3798 Persem.
425 3759 590 3815 quoeramus
608 3739 727 3816 aratro]
742 3739 779 3796 Id
794 3752 853 3810 est,
868 3739 925 3798 hoc
942 3743 1152 3818 persuadebant
1164 3767 1181 3800 :·
1252 3807 1254 3810 ,

167 3841 224 3898 hoo
237 3851 351 3914 taurum
369 3855 405 3894 ex
418 3835 517 3902 labore
531 3853 711 3914 quaeramus,
724 3835 806 3914 quod
824 3835 1077 3896 nobisadvictum
1091 3839 1172 3895 suffi-
1261 3899 1263 3904 Α

164 3939 241 3995 ciat:
255 3937 312 3996 hoc
326 3933 403 3994 euim
416 3945 445 3992 et
457 3932 520 3991 Diis
532 3931 635 4010 placet.

957 4027 997 4089 23
