2922 4672
291 375 352 452 aar
476 375 546 470 ¹n.
570 377 687 442 arc.
711 319 1068 457 vnnnsronuu

286 500 392 571 Σιμμίας
410 483 606 578 philosophus
620 513 681 571 est,
693 503 779 580 cujus
798 503 946 581 Diogenes
966 503 1297 576 hirtius,mentiouem

285 593 370 666 facit,
385 596 507 674 ejusque
523 599 709 674 scriptorum.

461 713 493 762 Et
502 713 576 778 jubet
588 713 736 780 archetypos
745 725 847 780 putenm
860 731 956 764 merare
962 705 1113 774 meintbas,

285 813 317 872 id
328 827 388 884 est,
404 817 427 873 si
441 818 507 894 quis
518 818 684 876 Aristotelis
695 818 953 897 Peripateticorum
965 819 1106 898 principit
1115 831 1301 890 statuam,et
1402 862 1407 874 t
1445 869 1446 880 ,

284 913 403 982 Pittaci,
417 932 451 971 ac
464 910 560 973 Simiae
578 916 609 974 in
627 915 807 976 bibliotheca
823 917 965 987 collocat,
981 915 1128 974 Cleanthis
1146 927 1246 974 autem
1259 916 1301 974 si·

284 1029 377 1086 gnum
390 1009 512 1087 aliquod
529 1011 709 1090 archetypon
730 1013 767 1072 ad
780 1027 904 1090 puteum
924 1013 1025 1091 pouit,
1040 1011 1123 1090 quod
1138 1012 1204 1080 hic,
1218 1023 1301 1070 ante·

284 1099 375 1184 quim
389 1104 585 1185 philosophus
599 1110 708 1168 stoicus
722 1123 812 1178 esset,
825 1107 901 1188 aqui
915 1116 950 1167 ex
958 1111 1056 1185 puteis
1068 1105 1228 1166 hauriendi
1240 1126 1301 1166 sese

284 1203 432 1260 tuebatur.
449 1207 486 1262 Et
498 1205 615 1264 videtur
630 1224 695 1268 mos
709 1208 798 1266 fuisse
813 1217 880 1266 tum
892 1206 1041 1266 Cleanthis
1054 1205 1194 1284 imagines
1210 1223 1302 1283 prope

278 1311 385 1373 puteos
400 1299 575 1360 collocandi.
593 1305 631 1361 Η.

284 1451 317 1494 ι.
340 1454 372 1518 7.
398 1428 439 1495 Et
454 1431 547 1520 jubet
564 1435 752 1546 archetypos
762 1435 910 1524 pluteum
927 1455 1054 1502 servare
1069 1431 1252 1504 Cleanthas.
1266 1431 1278 1522 ]

324 1575 368 1630 Ita
382 1593 494 1636 omnes.
507 1579 585 1634 Pone
592 1590 715 1652 puteum
728 1595 764 1636 ex
774 1577 861 1636 fratre
874 1596 942 1639 meo
950 1575 1095 1656 (Hemico
1105 1573 1260 1651 valesio),
1273 1585 1303 1632 et
1320 1648 1321 1652 Ἰ

286 1689 344 1729 me.
356 1670 527 1730 Cleanthem
538 1675 676 1751 juvenem
691 1693 797 1750 aquarn
810 1687 945 1750 expulso
959 1672 1095 1732 mercede
1107 1670 1222 1731 haurire
1234 1690 1304 1730 con-
1320 1743 1324 1752 ἱ

286 1766 414 1826 saevisse
428 1768 527 1826 scribit
540 1768 687 1848 Diogenes
699 1769 842 1834 Laertius.
858 1771 895 1827 Η.

287 1922 378 1987 v.17
381 1946 549 1964 ......
568 1900 635 1984 Qui
646 1901 739 1966 vultu
752 1901 906 1968 morbum
920 1900 1115 1990 incessuque
1128 1880 1281 1990 latetur]

326 2040 468 2098 Putabam
483 2041 660 2120 legendum,
675 2045 774 2113 cultu,
788 2041 821 2098 id
839 2053 898 2112 est,
912 2039 1033 2112 habitu,
1048 2042 1100 2119 qui
1120 2039 1258 2099 mollium
1276 2051 1305 2098 et

287 2136 523 2196 effeminatorum
544 2151 605 2198 erat
618 2139 757 2218 proprius
778 2151 812 2196 ut
832 2137 1013 2218 plurimum,
1027 2151 1058 2196 et
1075 2137 1113 2195 ad
1130 2137 1305 2196 muliebrem

287 2233 444 2305 accedeus,
458 2253 494 2292 ex
507 2235 646 2297 Juvenate
660 2235 725 2314 ipso
739 2235 848 2314 passim
861 2245 891 2293 et
904 2235 985 2294 aliis:
1002 2234 1053 2293 sed
1067 2234 1109 2292 nil
1124 2244 1220 2292 muto·
1231 2237 1304 2292 Nam

287 2331 454 2402 Salvianus,
468 2333 520 2391 lib.
536 2337 610 2403 Vll,
624 2334 663 2395 de
676 2333 861 2400 Providentia
875 2333 932 2404 ait,
948 2332 1002 2392 hos
1016 2331 1122 2392 molles
1135 2343 1304 2390 convertere

286 2429 318 2486 in
333 2430 508 2488 muliebrem
530 2431 714 2492 tolerantiam
732 2451 793 2490 nou
811 2449 901 2493 usum
919 2449 1008 2492 suum
1022 2436 1136 2490 tautum
1149 2441 1238 2506 atque
1253 2448 1308 2488 nn·¹
1375 2437 1378 2444 '

287 2537 401 2596 mmm,
413 2525 465 2586 sed
478 2527 566 2586 etiam
579 2527 713 2598 vultum,
727 2527 890 2597 incessum,
904 2527 1057 2597 habitum,
1070 2527 1211 2589 nimirum
1224 2525 1306 2604 genis

286 2623 455 2692 cementis,
475 2623 647 2701 pumicatis,
665 2621 821 2688 oculorum
842 2621 974 2694 nmina,
994 2623 1157 2702 superciliis
1180 2623 1302 2702 iuligine

287 2720 395 2776 tinctis.
409 2722 447 2778 Η.

288 2887 317 2928 v.
336 2863 390 2930 32.
416 2865 498 2928 Ciam
516 2877 564 2927 tot
579 2861 733 2932 abortivis
748 2859 921 2927 fecundam
939 2861 1024 2926 iulia
1040 2859 1170 2925 vulvam

416 2960 571 3027 Solveret.
585 2959 597 3050 ]

327 3097 455 3166 Plinius,
470 3095 522 3158 lib
538 3097 592 3164 IV,
608 3091 693 3171 epist.
714 3110 759 3152 ιι.
776 3094 851 3148 Nam
867 3086 938 3150 ciam
953 3089 1177 3170 (Domitianus)
1193 3090 1304 3154 Corne·

285 3196 355 3254 liam
374 3189 565 3250 Maximillam
584 3187 731 3245 Vestalem
751 3185 890 3245 deludere
907 3187 1003 3248 vivam
1025 3183 1174 3266 cupisset,
1196 3197 1231 3247 ut
1252 3185 1304 3264 qui

286 3287 426 3349 illustrari
440 3285 580 3344 saeculum
597 3303 685 3342 suum
698 3281 844 3362 ejusmodi
857 3282 994 3360 exemplo
1008 3282 1213 3352 arbitraretru,
1228 3285 1304 3341 Pou-

286 3387 373 3446 tificis
392 3384 512 3442 Maximi
529 3384 613 3461 jure,
634 3400 683 3438 seu
709 3381 808 3460 potius
830 3381 1009 3438 immanitate
1031 3380 1165 3460 tyranni,
1186 3376 1300 3438 licentii

286 3483 416 3554 domini,
434 3479 564 3558 reliquos
584 3477 738 3557 pontifices
758 3496 819 3535 uon
839 3477 871 3534 in
890 3475 1016 3554 regiam,
1034 3475 1086 3534 sed
1106 3475 1137 3532 iu
1157 3475 1303 3534 Albanam

285 3579 387 3638 villam
401 3576 590 3648 convocavit3
604 3594 658 3636 nec
672 3574 786 3634 minore
800 3573 926 3645 scelere,
940 3591 1030 3651 quam
1044 3571 1126 3650 quod
1137 3571 1245 3636 ¹uluisci
1255 3572 1304 3628 vi·
1427 3649 1431 3660 ἱ

286 3676 429 3746 debatur,
444 3675 594 3734 absentem
614 3671 835 3750 inauditamque
857 3669 1005 3731 damnavit
1024 3667 1143 3738 incesti,
1157 3660 1311 3748 cumipse

284 3774 380 3834 fratris
401 3771 492 3831 liliam
514 3770 643 3850 (Iuliam
670 3770 730 3826 Titi
739 3769 860 3844 filz'am,
876 3767 979 3826 Sabini
1003 3763 1170 3842 conjugem)
1191 3765 1302 3824 incesto

281 3875 344 3931 riou
368 3868 521 3949 polluisset
545 3865 664 3950 solum,
683 3885 787 3925 verum
814 3864 902 3924 etiam
927 3862 1090 3923 occidisset.
1115 3863 1192 3920 Nam
1213 3861 1302 3920 vidua

283 3967 388 4028 abortu
404 3964 499 4046 periit.
517 3967 551 4023 C.
