2922 4672
374 333 549 399 NOTAE
571 335 632 400 IN
654 334 986 404 JUVENALEM.
1123 340 1180 416 tir

172 455 266 512 decim
277 457 417 531 gradibus
430 477 467 514 ne
480 459 601 527 πάσαις
615 470 644 516 et
661 459 715 516 lib.
731 462 775 518 111
788 460 882 520 Instit.
897 464 977 518 Orat.
993 480 1057 540 cap.
1072 461 1109 518 6:
1126 460 1185 532 Qui

172 565 264 609 artem
275 551 420 611 ludicram
431 555 611 625 exercuerit,
625 555 657 612 in
671 555 901 635 decimoquarto
913 546 1015 618 ordine
1028 577 1065 616 ne
1076 556 1183 617 sedeat.

171 647 258 706 Unde
271 651 290 705 J
292 649 421 708 uvenalis
434 650 558 709 irridens
570 651 672 729 paullo
686 664 752 710 ante
766 651 858 710 dixit:

350 809 562 824 .........
580 776 611 826 ds
624 776 731 841 pulvino
743 787 827 843 surgat
839 777 949 842 equestri

343 857 430 921 Cujus
443 874 481 904 res
492 856 541 921 legi
553 872 606 903 non
618 855 728 916 sufficit,
741 868 765 906 et
778 857 879 906 sedeant
890 856 932 906 hic

349 939 480 985 Leuonnm
494 938 567 1002 pueri
577 952 738 1004 quocumque
750 938 778 986 in
787 936 884 986 fornico
892 938 951 986 nati.

1021 1009 1054 1066 C.

170 1139 201 1180 v.
221 1115 293 1182 168.
317 1117 490 1184 Fictilibus
503 1142 630 1184 coenare
642 1118 762 1209 pudet,
774 1118 862 1208 quod
875 1136 970 1209 turpe
984 1120 1112 1210 negavit

315 1213 1183 1303 TranslatussubitoadMarsos,mensamqueSabellam,

317 1312 561 1400 Contentusque
572 1310 639 1376 illic
655 1312 780 1378 Veneto
793 1309 942 1398 duroque
958 1311 1115 1400 omnib]

211 1443 259 1502 Sic
278 1443 441 1522 Rigaltius,
457 1445 498 1504 sic
512 1443 748 1524 Rapheleugius,
762 1458 792 1504 et
807 1443 946 1504 Pithoeus
959 1445 990 1503 in
1005 1444 1184 1507 editionibus

172 1538 231 1596 suis
244 1541 408 1598 luvenalis:
425 1540 501 1600 male
516 1542 646 1601 omuino.
660 1542 733 1614 Quis
745 1541 824 1600 enim
836 1560 936 1600 sensus
947 1542 1020 1600 erit?
1035 1545 1183 1602 Romanos

99 1647 104 1654 ·
170 1634 263 1712 pudet
276 1654 389 1694 coenare
403 1635 563 1694 fictilibus:
583 1649 612 1694 at
632 1637 673 1710 si,
688 1635 788 1696 relicti
805 1637 878 1696 urbe
890 1635 1001 1709 Romi,
1016 1638 1082 1716 quis
1098 1657 1127 1696 se
1143 1637 1182 1697 ad

170 1734 282 1789 Marsos
292 1731 483 1811 Sabellosque
499 1733 670 1804 contulerit,
681 1733 798 1812 negabit
808 1731 866 1792 hoc
877 1745 962 1813 turpe
977 1753 1038 1792 esse
1053 1732 1182 1812 (scilicet

170 1847 282 1886 coenare
291 1828 463 1906 fictilibus),
474 1842 503 1886 et
516 1829 557 1888 ibi
567 1831 621 1888 erit
629 1834 741 1888 Veneto
751 1829 885 1908 duroque
896 1831 1006 1886 cucullo
1015 1840 1179 1888 contentus.

173 1923 307 1981 Cucullae
319 1925 393 2003 quid
404 1924 443 1983 ad
463 1945 575 1984 coenam
591 1925 736 2004 pertinet?
753 1927 828 1983 cum
849 1926 886 1982 sit
903 1927 990 1984 vestis
1004 1927 1182 1998 Santonum,

170 2021 257 2078 vestis
270 2021 356 2080 etiam
370 2034 513 2080 nocturna
525 2023 655 2082 virorum
667 2042 701 2080 ac
713 2021 889 2091 mulierum,
903 2035 992 2100 caput
1004 2035 1033 2080 et
1043 2021 1182 2082 humeros

170 2129 287 2195 tegens,
299 2119 422 2196 paenulae
437 2120 544 2189 instar,
558 2139 596 2177 ue
611 2130 821 2198 agnoscantur,
836 2129 865 2176 et
884 2129 918 2175 ut
937 2118 1062 2178 imbrem
1076 2120 1180 2178 vitent.

169 2213 340 2290 legendum
353 2216 473 2274 omnino
487 2235 523 2272 ex
538 2234 586 2272 me
599 2215 733 2273 omnium
745 2212 841 2291 primo
855 2213 986 2290 egregie:

347 2363 504 2380 .......
523 2329 592 2394 quod
605 2340 679 2394 turpe
691 2327 792 2393 negabit
802 2326 864 2394 (ant
876 2326 990 2396 negabis)
1107 2395 1109 2402 Α
1156 2393 1159 2400 ¹

342 2412 485 2459 Translatus
498 2408 583 2457 subito
594 2409 626 2456 ad
639 2411 736 2473 Marsos
744 2442 752 2467 ,
760 2421 921 2470 mensamque
931 2405 1064 2466 Sabellam,

343 2491 530 2554 Contentusqne
542 2487 594 2538 illio
604 2491 701 2537 Veneto
713 2487 827 2552 duroque
838 2485 936 2536 eulalio.

170 2609 298 2666 Catullus
310 2613 364 2668 'est
384 2609 527 2688 poculum
550 2608 661 2681 fictile,
683 2626 788 2667 urceus
811 2605 908 2676 fictilis
928 2605 1036 2668 dicitur
1053 2608 1179 2668 Martiali
1201 2661 1204 2668 ,

166 2703 218 2762 lib.
233 2709 321 2766 XIV:

343 2822 390 2874 llio
402 2822 450 2876 tibi
463 2823 572 2872 donatur
586 2820 668 2887 pandi
683 2820 759 2870 ruber
773 2836 864 2868 urceus
876 2817 948 2866 ansi:

378 2901 476 2954 Stoic'us
488 2903 537 2952 hoc
551 2904 657 2970 gelidam
671 2905 764 2949 Fronto
776 2899 876 2966 petebat
887 2915 983 2964 nquam.

167 3008 304 3068 Horatius
316 3008 348 3067 in
360 3007 437 3068 libro
450 3008 487 3066 de
500 3013 571 3067 Arte
584 3006 717 3065 Po'e'tica:

343 3128 422 3191 Reges
434 3125 556 3174 dicuntur
567 3123 653 3172 multis
667 3138 754 3188 urgere
767 3117 861 3168 culillis

341 3208 374 3254 Et
388 3217 505 3270 torquere
519 3203 562 3269 (id
576 3214 629 3263 est,
642 3201 785 3267 explorare,
796 3197 921 3266 experiri)
936 3214 1018 3260 mero;
1030 3216 1104 3266 quarn
1116 3219 1176 3268 per·

375 3285 483 3350 spexisre
494 3283 621 3342 laborent,

339 3367 383 3414 An
396 3367 428 3418 sit
441 3363 551 3412 amicitis
563 3364 660 3430 diguus.

163 3469 274 3530 Plinius
286 3463 317 3528 in
331 3469 400 3544 libri
417 3469 494 3526 tertii
511 3468 605 3546 capite
621 3463 750 3524 secundo
765 3465 876 3520 Marsos
894 3471 923 3518 et
943 3447 1074 3520 Sab'ellos
1089 3467 1173 3524 Sam-

162 3568 236 3625 nites
246 3561 346 3645 po'stea
359 3565 453 3624 dictos
463 3585 517 3628 nec
530 3557 591 3620 non
605 3561 692 3625 etiam
705 3557 827 3617 Sabinos
838 3557 949 3636 regioni
960 3557 1050 3615 Italiae
1061 3571 1171 3636 qtmrtae

163 3662 305 3720 attribuit.
325 3663 452 3719 Culullor
465 3670 563 3718 autem
580 3659 611 3715 in
629 3655 779 3734 provincia
790 3653 910 3711 Venetia
924 3647 1003 3723 lieri,
1015 3664 1044 3712 et
1058 3653 1126 3712 inde
1140 3657 1172 3718 in·

163 3771 279 3818 caeteras
294 3757 384 3815 Italiae
398 3757 548 3836 regiones,
560 3773 593 3812 ac
608 3753 639 3810 iu
653 3751 755 3829 primis
768 3753 930 3806 Marsorum
943 3765 976 3805 ao
989 3746 1171 3810 Sabellortim

162 3854 313 3932 importari
327 3852 510 3912 consuevisse
531 3847 582 3907 sut
603 3859 685 3906 aetate
707 3845 816 3903 iudicat
835 3841 1000 3930 luvenalis,
1014 3863 1090 3922 quos
1100 3845 1170 3906 ideo

100 3983 103 3988 v
163 3953 284 4008 Venetos
292 3994 303 4022 ,
326 3963 372 4022 et,
392 3949 462 4030 quia
481 3945 584 4004 fictiles
607 3956 704 4016 erant,
723 3942 810 3998 duros
829 3937 964 4018 appellat.
988 3941 1031 3998 De
1053 3943 1172 4000 cuculiir'
1253 3946 1259 3961 ¹
