2818 4654
291 350 333 415 36
566 349 840 418 ELENCHUS
871 348 1023 416 CODD.

293 474 403 552 quibus
414 473 560 534 interdum
569 477 733 536 usisumus.
744 479 815 536 XVI
826 475 973 534 Iuvenalis
984 473 1083 532 satiras
1091 469 1220 532 continet
1228 489 1299 530 cum

289 571 408 629 scholiis
419 572 455 629 ad
466 574 626 652 marginem
632 576 666 632 'et
678 572 855 632 interlineas
869 572 992 654 scriptis.
1005 571 1051 629 Ad
1065 569 1175 628 calc'em
1187 568 1299 628 codicis

288 666 350 726 haec
365 666 522 746 leguntur:

243 867 245 871 .
334 801 530 868 SATIRICI
542 801 661 870 IVNII
672 799 924 868 IVVENALIS
935 797 1190 886 AQVINATIS.
1201 793 1299 868 liber

285 910 445 1008 explicit.
463 915 543 982 Deo
560 908 711 1010 gratias,
728 936 849 982 amen.
1157 925 1165 950 '

384 1062 444 1134 Qui
453 1061 566 1134 scripsit
571 1100 582 1128 ,
596 1059 703 1116 scribat
710 1102 720 1128 ‚
735 1078 851 1136 semper
860 1079 924 1116 cum
937 1061 1064 1118 Domino
1078 1060 1177 1116 uiuat:

381 1178 450 1232 Non
463 1175 551 1232 aliter
557 1155 603 1230 in
605 1174 725 1230 scribere
741 1175 826 1230 docta
842 1193 956 1230 manus.

280 1287 1293 1348 quenalisBartholomeisernidominiciSilucstrr'chlorentiaAmen.

280 1417 318 1474 Et
335 1418 428 1488 infra,
444 1416 494 1474 sed
507 1435 595 1474 mann
610 1416 780 1475 recentiori:

316 1547 375 1618 Ego
387 1547 432 1599 Jo.
447 1543 481 1598 de
495 1545 576 1600 Recte
587 1545 641 1599 emi
652 1547 728 1598 hunc
739 1545 841 1600 librum
852 1565 866 1599 a
880 1546 1036 1600 Pieraccino
1046 1547 1215 1616 feneratore,
1227 1543 1293 1603 Flo-

279 1634 391 1698 rencia,
405 1631 450 1684 die
463 1633 498 1704 vij
508 1632 572 1704 julii
586 1638 666 1694 1421,
676 1651 739 1685 cum
751 1633 877 1704 pluribus
889 1632 948 1686 aliis
958 1625 1045 1689 librie.

318 1755 471 1818 Haecanni
488 1764 559 1823 1421
577 1754 755 1833 adscriptio,
769 1775 834 1832 quae
853 1753 921 1814 libri
938 1758 1117 1836 emptionem
1132 1757 1229 1818 solnm
1242 1759 1292 1817 ln-

278 1851 356 1910 dicat
364 1895 373 1922 ‚
382 1853 416 1910 ¹in
427 1872 555 1911 errorem
563 1852 684 1912 adduxit
694 1865 825 1910 auctores
833 1853 955 1931 catalogi
963 1855 1094 1934 impressi
1103 1855 1190 1914 codd.
1201 1859 1289 1916 MSS.

280 1931 371 2025 Regg.
384 1949 437 2023 qui
448 1969 518 2006 eum
531 1948 663 2006 codicem
676 1944 732 2005 XV
742 1948 849 2007 saeculo
860 1947 1051 2022 addixerunt,
1062 1948 1130 2010 clam
1141 1951 1291 2030 antiquior

278 2044 314 2102 sit
330 2056 448 2106 centum
461 2057 490 2104 et
504 2045 641 2124 pluribus
655 2045 747 2102 annis.

514 2209 558 2276 X.
581 2210 691 2276 Codex
706 2209 885 2276 Senatorius
912 2207 1047 2300 (8073).

311 2373 553 2432 Membranaceus
562 2371 597 2428 in
612 2369 664 2428 tol.
678 2389 790 2462 parvo,
806 2381 939 2428 constans
956 2371 1011 2428 118
1025 2365 1119 2440 foliis,
1132 2371 1202 2430 XIV
1218 2391 1284 2432 saec.

175 2501 177 2508 ·
273 2482 422 2538 exaratus,
433 2467 592 2546 majoribus
601 2460 705 2522 litteris
717 2485 788 2522 auro
802 2466 902 2542 pictis,
915 2477 1057 2524 caractere
1071 2465 1212 2538 Gothico,
1224 2469 1287 2561 ele-
1402 2461 1404 2472 '

273 2566 456 2646 gantissime‚
467 2575 498 2620 et
511 2562 678 2620 membrana
691 2560 861 2619 nitidissima
873 2561 1008 2640 scriptus.
1019 2567 1094 2622 Cum
1107 2565 1286 2642 puritatem,

272 2675 337 2722 tum
356 2673 486 2718 exactam
504 2657 734 2716 convenientiam
756 2657 787 2714 in
806 2676 842 2714 eo
864 2653 1017 2716 scribendo
1032 2653 1177 2718 affectavit
1197 2659 1284 2721 libra·

269 2759 347 2828 rius;
366 2756 440 2814 adeo
459 2749 493 2812 nt
514 2754 588 2812 liber
610 2754 663 2811 istc
684 2752 825 2810 editiones
847 2754 954 2831 primas
974 2755 1127 2835 impressas
1146 2771 1283 2836 superet,

268 2853 321 2913 sed
337 2865 367 2911 et
378 2850 552 2910 rectitudine
573 2850 723 2926 scripturae
744 2847 963 2925 pnlcherrimas.
978 2853 1039 2908 Nec
1056 2853 1151 2910 minor
1166 2873 1236 2912 cura
1250 2853 1283 2914 in

269 2959 409 3014 contextu
420 2945 603 3005 emendando
617 2945 674 3002 luit
687 2943 826 3002 adhibita.
841 2946 946 3004 Praeter
959 2950 1200 3007 commentarium
1214 2969 1283 3028 par-

268 3047 323 3105 tim
337 3044 420 3102 initio
434 3043 519 3112 libri,
534 3041 640 3120 partim
657 3039 689 3096 in
709 3037 766 3096 fine
783 3039 980 3126 adscriptum,
995 3044 1086 3100 textui
1104 3048 1198 3120 poctae
1212 3046 1282 3105 sub-

261 3143 366 3222 juncta
382 3151 426 3199 est
445 3131 642 3218 paraphrasis,
660 3154 725 3212 quae
743 3147 840 3194 tamen
858 3149 893 3194 nt
912 3133 1136 3198 commentarius
1152 3141 1279 3220 glossam

263 3237 387 3300 redolet.
405 3235 460 3294 Ille
478 3246 575 3291 autem
594 3230 688 3290 codex
708 3232 784 3289 inter
806 3233 932 3310 optimos
954 3246 983 3291 et
1006 3228 1175 3295 utilissimos
1192 3237 1278 3298 nobis

265 3336 345 3394 visus
359 3346 402 3392 est
415 3327 619 3390 recensendus.
635 3329 704 3386 Haec
718 3325 755 3384 ad
771 3328 881 3386 calcem
892 3326 1051 3408 leguntur:

311 3471 386 3538 Istc
408 3462 504 3534 liber
522 3461 588 3559 qui
609 3461 814 3532 senatorius
832 3477 1007 3548 uocatur,
1025 3459 1098 3533 fuit
1116 3465 1276 3562 scriptus
1299 3495 1304 3504 ·

261 3605 331 3680 per
358 3601 418 3648 me
444 3573 630 3647 nicolaum
662 3570 753 3643 olim
779 3571 825 3643 de
849 3575 988 3672 pusi0‚'
1006 3601 1106 3647 anno
1131 3577 1275 3650 domini

262 3689 397 3780 millo’‚
414 3686 505 3773 000⁰,
521 3689 605 3782 u1J⁰‚
617 3683 779 3754 indictiae
798 3709 837 3754 ν.
863 3701 1030 3786 tempore
1046 3686 1190 3761 domini
1205 3689 1274 3762 cle-

261 3807 396 3879 mentis
426 3825 530 3903 papae
559 3824 612 3888 ν,
646 3820 745 3867 anno
779 3797 857 3896 ejus
889 3823 941 3872 sn.
978 3804 1115 3876 mensis
1148 3803 1273 3902 aprilis

260 3922 319 4000 die
339 3945 421 4010 mx,
438 3931 475 3990 et
495 3911 568 3988 luit
591 3908 812 4014 compilatus
831 3937 907 4015 quo
928 3911 975 3988 ad
991 3913 1187 4012 lecturam,
1204 3941 1274 4017 per
