2818 4654
527 343 691 412 WTA:
1082 367 1105 434 9

117 469 284 528 uibaaatum
303 467 448 546 gerebant.
467 469 581 528 Horum
601 467 711 528 mentio
729 469 866 547 nequens
878 451 964 547 ‘apud
977 479 1103 528 veteres:

103 585 175 626 ,uam
191 564 324 628 sennotii
344 563 452 622 ordinis
468 563 578 643 insigne
601 565 677 622 latus
696 564 804 624 clarus.
823 568 913 623 Fuere
925 583 994 644 ergo
1006 576 1036 624 et
1049 583 1108 620 an-

116 663 280 736 gauloni,
304 661 388 738 quasi
410 661 528 720 monadi
559 660 668 722 ordinis
690 661 811 722 tribuni.
837 667 984 740 Angustus
1008 661 1110 720 clanis

117 757 238 834 equitum
251 767 337 826 nota,
349 769 384 814 ut
396 769 427 816 et
439 757 541 816 annuli
553 758 642 816 aurai.
657 759 700 818 Ex
718 777 754 816 eo
771 767 875 836 genere
895 769 924 816 et
938 770 1006 816 uota
1019 755 1108 816 luisse

117 865 217 914 constat
224 853 391 912 tribunatus
400 847 566 925 semestres,
578 855 631 934 qui
644 855 791 933 equitibus
799 866 913 914 tantum
923 867 975 914 aut
983 851 1109 932 equestri

117 951 245 1029 dignitate
266 950 380 1009 donatis
399 951 630 1010 conferebantur.
653 955 698 1010 lta
720 951 815 1030 poetis
832 951 892 1010 suis
912 950 991 1010 Paris
1010 962 1111 1028 panto-

117 1049 212 1106 minus
224 1059 377 1106 semestres
390 1047 555 1112 tribunatus
573 1059 604 1108 et
616 1049 666 1126 jus
682 1047 858 1109 annulorum
873 1046 961 1104 simul
973 1045 1109 1106 donabat.

116 1143 178 1202 Ideo
190 1144 279 1223 hujus
292 1145 403 1223 generis
415 1144 602 1202 tribunorum
619 1155 753 1202 remeante
766 1159 870 1200 aarum
881 1155 982 1212 vocat,
996 1143 1065 1221 quia
1077 1153 1114 1200 ut

96 1239 227 1318 adignitas
247 1260 350 1300 eorum
370 1241 533 1310 semestris,
547 1241 588 1298 ita
607 1253 637 1298 et
655 1239 775 1318 insigne.
797 1239 951 1298 Ridiculus
967 1257 1055 1317 porro
1067 1238 1114 1300 vir

118 1357 228 1416 maguus
241 1350 302 1408 est,
314 1338 367 1416 qui
380 1351 514 1395 semestre
528 1357 631 1394 aarum
643 1336 722 1396 idem
736 1355 797 1395 esse
810 1336 912 1407 docet,
924 1335 1006 1414 quod
1015 1335 1054 1394 ab
1064 1354 1114 1394 eo·

121 1431 182 1492 dem
190 1440 273 1512 potita
281 1435 409 1492 tesa'vum
420 1454 522 1490 aarum
534 1432 705 1516 diciturrsat.
717 1437 749 1504 1,
762 1435 810 1492 ad.
823 1433 953 1492 Multsnn
964 1451 1032 1492 sane
1041 1431 1117 1492 iuter

117 1540 266 1610 utrumque
278 1542 330 1588 est.
343 1529 491 1588 Delicatus
503 1543 533 1588 et
547 1529 661 1600 mollis,
673 1513 743 1608 qnia
754 1530 894 1604 virserre
902 1541 1016 1607 poterat
1026 1527 1115 1608 paulo

59 1619 66 1626 “
117 1628 224 1697 majoris
231 1629 376 1704 ponderas
387 1647 532 1703 gemmam
539 1671 550 1698 ,
566 1627 691 1688 annulos
704 1625 851 1684 faciendos
864 1625 984 1684 curabat
995 1645 1032 1682 ex
1045 1645 1116 1686 auro

115 1721 229 1796 leviore,
243 1745 296 1802 per
303 1737 430 1782 aestatem
438 1727 596 1804 praesertim
605 1723 773 1802 gestandos,
783 1744 819 1781 ne
826 1723 932 1802 digitos
939 1723 971 1782 in
979 1721 1117 1784 sudorem

117 1817 212 1879 darem
228 1822 383 1900 graviores.
401 1823 465 1878 Hoc
483 1821 515 1878 in
534 1821 666 1900 Crispino
688 1805 820 1879 satiricus
841 1832 940 1890 notat,
957 1831 987 1878 et
1006 1819 1118 1897 carpit,

115 1916 344 1992 quasiinauditae
361 1929 391 1974 et
411 1917 553 1976 inusitatae
573 1915 707 1976 mollitiei
725 1927 948 1994 argumentum,
962 1933 1021 1974 non
1037 1913 1119 1993 quod

113 2011 200 2070 moris
210 2024 300 2082 esset,
311 2011 384 2070 alios
397 2032 449 2089 per
462 2023 589 2090 estatem
602 2012 743 2082 annulos,
754 2029 808 2092 per
819 2011 957 2089 hyemem
969 2010 1043 2068 alios
1055 2027 1119 2089 ges·

114 2108 175 2165 tari.
191 2111 336 2163 Aestivum
352 2127 456 2164 aarum
471 2107 509 2166 de'
523 2107 636 2165 levibus
649 2107 782 2176 annulis,
793 2118 828 2164 ut
838 2119 932 2167 vestes
945 2107 1041 2164 sericae
1056 2108 1121 2162 levi-

112 2215 173 2257 tate
186 2204 287 2257 oestivd
300 2202 413 2269 Plinio,
426 2215 457 2260 et
469 2205 566 2258 aestive
579 2205 735 2258 viaticatus
746 2202 868 2270 Plauto,
881 2203 934 2279 qui
946 2202 1005 2260 levi
1015 2201 1119 2260 viatico

110 2298 275 2354 instructus
287 2308 340 2355 est.
356 2301 496 2354 Praeterea
507 2315 568 2354 non
578 2309 711 2354 semestre
725 2295 857 2356 aestivum
870 2296 946 2356 illud
961 2317 1065 2360 surum
1078 2299 1121 2357 di-

111 2377 243 2463 ceritur,
255 2393 306 2451 sed
321 2396 480 2450 enmestre:
493 2413 548 2451 nee
558 2394 636 2452 enim
650 2413 699 2452 sex
713 2405 789 2452 totos
801 2411 915 2452 menses
928 2393 1013 2485 durat
1025 2406 1120 2466 sestas,

110 2502 142 2548 ut
157 2510 213 2548 nec
237 2488 382 2548 semestris
404 2502 448 2548 est
465 2489 576 2567 hyems.
597 2495 638 2550 At
656 2503 791 2546 semestre
805 2511 908 2547 aurum
923 2489 1023 2550 annuli
1038 2505 1120 2562 sunt,

113 2604 186 2662 quos
205 2575 344 2663 gerebant
364 2571 474 2644 tribuni
495 2597 663 2656 semestres,
682 2606 735 2665 pro
758 2585 863 2664 insigni
882 2606 942 2644 suae
961 2586 1120 2665 dignitatis.

111 2682 247 2742 Diximus
260 2683 434 2741 Suetonium
446 2682 540 2741 videri
555 2695 704 2741 auctorem
718 2682 783 2741 vitae
796 2679 960 2754 luvenalis,
970 2703 1060 2762 quam
1072 2683 1122 2742 alii

113 2779 206 2838 Probo
219 2777 398 2837 adscribunt
411 2779 513 2857 *stylus
527 2779 558 2837 id
574 2779 660 2858 plane
677 2779 800 2849 evincit,
813 2799 867 2838 nec
882 2792 1025 2858 repugnet
1041 2791 1119 2838 satas.

114 2875 373 2934 Adolescentulum
385 2895 415 2933 se
428 2875 515 2934 luisse
529 2887 650 2933 testatur
661 2875 885 2954 Suetoniussub
895 2875 1054 2934 Domitiani
1065 2876 1121 2934 ius-

115 2971 185 3047 perii
195 2972 302 3041 finem,
314 2969 383 3030 ciam
396 2971 554 3030 exhaustus
567 2991 689 3049 opernm
703 2991 737 3030 ac
750 2992 906 3030 munerum
919 2971 1057 3050 impensis
1070 2969 1120 3030 ille

115 3067 249 3148 princeps
260 3069 393 3128 omnium
404 3068 481 3127 bona
493 3069 678 3139 confiscaret,
690 3076 720 3127 et
731 3081 836 3148 praeter
846 3082 956 3128 ceteros
965 3069 1120 3127 Iudaicum
1143 3141 1149 3155 ·

116 3163 215 3225 fiscum
233 3163 417 3224 acerbissime
436 3166 582 3246 exigeret,
601 3186 662 3243 qno
682 3175 818 3244 tempore
830 3167 977 3224 iuvenalis
993 3165 1120 3225 mediam

116 3263 294 3342 aetatemjam
303 3263 574 3322 excesserat.Vitam
583 3261 663 3321 illam
672 3261 719 3321 hic
729 3263 829 3342 paucis
838 3263 1077 3331 examinabimus,
1087 3273 1121 3320 ut

116 3371 258 3434 quantum
277 3357 460 3437 discrepent,
480 3379 547 3437 quae
563 3357 606 3417 ibi
627 3359 664 3418 de
680 3358 819 3417 iuvenale
831 3359 986 3417 traduntur
1002 3359 1039 3417 ab
1057 3357 1120 3428 his,

116 3473 178 3530 quse
192 3455 243 3513 alii
258 3455 393 3526 tradunt,
408 3467 539 3514 constare
552 3456 653 3534 possit.
666 3456 744 3514 Dicit
753 3455 925 3516 iuvenalem
933 3457 982 3522 'ad
994 3457 1121 3513 inedium

110 3549 175 3622 ,fere
182 3546 304 3608 oet'atem
315 3554 508 3623 declamasse,
521 3553 616 3610 ostieni
621 3565 732 3610 tantum
745 3549 930 3610 eausu.Ci1m
940 3553 1122 3627 octogenario

91 3637 94 3642 ’
118 3649 207 3726 major
220 3647 344 3717 obierit,
355 3647 451 3706 media
462 3661 529 3707 setas
542 3647 731 3726 quadraginta
742 3649 856 3706 circiter
865 3649 948 3706 annis
959 3647 1123 3706 definienda

117 3743 381 3804 est.,Tantumdem
399 3743 469 3812 erit,
484 3743 596 3802 etiamsi
611 3743 728 3822 triginta
742 3744 790 3802 vel
804 3744 902 3802 miuus
920 3744 1008 3802 etiam
1020 3763 1123 3822 ponas.

117 3839 252 3910 Deinde,
266 3840 554 3916 inquit,paucorum
572 3843 707 3897 versuuin
726 3842 817 3896 satira
832 3859 891 3896 non
906 3835 1030 3896 absurde
1062 3857 1125 3893 om-

113 3935 219 4005 posita.
235 3937 266 3992 in
285 3937 424 3994 Paridem
436 3937 653 4014 pantomimum
666 3943 845 4012 positamque
866 3934 926 4006 rjus
945 3931 1133 3992 semestribus:
