2818 4654
268 397 271 404 r
297 332 340 400 30
624 331 973 400 TESTIMONIA
1002 369 1004 373 ·

294 461 338 514 M.
351 453 484 528 Antoni,
497 468 574 515 recto
594 469 624 516 ct
644 457 747 516 ordine
768 457 861 516 facere
882 469 912 516 to
932 469 1024 536 puto,
1038 466 1073 514 ut
1089 455 1122 514 in
1135 427 1309 516 sacramenfi

295 553 431 611 formulis
438 565 490 611 cst.
504 557 586 612 Certe
596 555 620 611 si
630 552 692 612 ulls
703 567 852 633 tempora,
864 554 926 613 haec
936 554 1051 630 satimm
1062 551 1244 615 desiderant:
1258 565 1306 624 et,

294 648 326 706 in
339 649 441 720 satira,
456 669 544 708 nemo
557 649 680 709 idoneor
694 651 733 708 ad
747 669 843 710 mores
857 650 1045 730 corrigendos
1054 649 1203 708 Juvenale.

332 782 375 836 M.
392 782 585 839 Arronrus
602 785 802 854 Mortuus,
821 783 980 857 usidplura
993 783 1304 850 orat.111‚tomi11.·

293 872 331 932 Et
341 874 472 953 jucunda
484 888 602 948 autem,
617 889 646 935 et
659 875 739 935 utilis
752 877 832 934 illius
845 877 974 936 evolutio
988 876 1085 934 futura
1100 888 1161 933 est:
1175 877 1308 935 continet
1355 949 1362 966 ἱ
1399 922 1404 950 ς

294 971 372 1028 enim
393 971 501 1029 multas
520 991 637 1050 graves,
656 986 686 1032 et
706 973 794 1032 utiles
817 970 1125 1050 sententias‚.optimis
1143 971 1259 1043 verbis,
1277 985 1308 1031 et
1403 983 1404 1004 ¹

292 1085 397 1145 genere
409 1068 538 1146 quodam
550 1069 666 1127 dicendi
680 1068 772 1139 salso,
787 1071 908 1140 festino,
922 1070 1021 1137 hilari,
1034 1080 1078 1140 et,
1092 1079 1127 1124 ut
1136 1067 1176 1125 ita
1190 1068 1305 1139 dicam,
1403 1105 1404 1110 κ

291 1162 405 1235 vivido,
416 1164 499 1244 quod
505 1166 574 1224 huic
583 1171 677 1245 potitae
684 1168 836 1246 proprium
844 1179 873 1225 et
880 1179 1055 1247 perpetuum
1065 1177 1124 1236 est,
1135 1165 1303 1243 explicatas.

240 1323 255 1372 '.
321 1298 484 1378 ‘Issicus
505 1300 759 1369 casianorum,
773 1300 886 1374 Proleg.
910 1300 940 1354 in
959 1299 1040 1354 Pers.
1060 1295 1195 1354 Probavit
1215 1296 1308 1355 Persii
1399 1285 1404 1303 '

225 1457 230 1468 ,
291 1392 448 1485 consilium
463 1393 627 1465 luvenalis,
641 1389 769 1472 quinon
782 1414 835 1472 per
852 1409 982 1454 saturam
989 1385 1005 1465 ,'
1017 1393 1099 1472 quod
1113 1393 1212 1464 aiunt,
1227 1395 1307 1452 varia

291 1501 461 1567 argumenta
479 1489 584 1548 eodem
604 1491 732 1549 carmine
751 1491 972 1570 complectitur3
989 1488 1041 1547 sed
1060 1491 1197 1548 Persiano
1220 1510 1305 1550 more

292 1585 402 1666 cuique
410 1584 501 1642 satirae
512 1587 535 1638 lv
545 1584 586 1638 καὶ
596 1586 687 1639 ἁπλοῦν
694 1587 850 1658 ὑποκείμενον
862 1589 937 1657 γένος,
946 1599 980 1644 ut
989 1586 1149 1666 plurimum
1157 1585 1304 1646 addicit...

291 1683 433 1755 Etpaulo
439 1693 530 1756 post:
544 1683 644 1758 Longe
658 1679 765 1738 salibus
778 1681 815 1738 ab
829 1682 948 1740 Horatio
963 1695 1129 1762 superatur,
1142 1695 1172 1740 et
1184 1701 1202 1740 a
1214 1685 1305 1741 Juve-

290 1776 355 1833 nale
367 1777 498 1848 Persius;
511 1796 638 1854 quorum
652 1789 775 1857 uterque
791 1777 914 1836 feliciter
923 1791 967 1836 est
979 1791 1145 1848 assecutus,
1158 1777 1240 1856 quod
1251 1798 1305 1837 vo-

290 1867 348 1928 luit
360 1871 476 1943 noster,
491 1893 544 1931 nec
561 1873 666 1951 potuit.
682 1873 836 1934 Excellunt
854 1873 943 1954 igitur
957 1874 988 1932 iu
1006 1894 1041 1933 eo
1056 1874 1193 1933 Horatius
1207 1885 1237 1932 et
1252 1877 1305 1932 Ju-

289 1967 419 2039 venalis‚
432 1968 486 2027 etsi
499 1970 609 2034 ratione
624 1968 754 2028 diversa:
769 1991 838 2028 nam
851 1970 931 2029 illius
945 1969 1018 2028 sales
1033 1971 1076 2027 etv
1091 1968 1187 2038 ὀχλικὴν
1201 1970 1301 2041 troye-
1399 1992 1402 2003 ·

289 2067 364 2136 γῑαν,
380 2077 425 2136 et,
440 2077 474 2122 ut
490 2067 530 2123 ita
550 2066 662 2138 dicam,
679 2066 828 2146 plebeium
847 2065 960 2145 aliquid
978 2065 1038 2124 fere
1062 2066 1195 2150 sapiunt:
1213 2063 1304 2145 hujus
1400 2067 1402 2130 i

289 2179 392 2219 omnes
397 2162 468 2240 joci,
479 2162 585 2240 quibus
596 2159 734 2234 abundat,
748 2163 788 2221 sic
800 2161 992 2234 conturbem,
1005 2174 1035 2219 et
1045 2159 1121 2234 salsi,
1131 2172 1165 2218 ut
1178 2181 1304 2221 acumen

288 2267 365 2336 saepe
379 2270 468 2336 atque
481 2257 676 2316 eruditionem
692 2279 751 2337 prae
767 2279 797 2317 se
810 2260 920 2329 ferant,
936 2271 966 2317 et
980 2257 1133 2336 ingenium
1145 2257 1235 2337 longo
1250 2258 1302 2317 de·
1386 2327 1389 2335 Ι

190 2355 192 2364 ’
287 2354 433 2413 clamandi
446 2345 503 2412 usu
515 2356 607 2434 probe
614 2355 808 2413 subactum...
817 2359 855 2412 Et
865 2358 965 2412 iterum
977 2355 1122 2412 nonnullis
1132 2356 1300 2426 interjectis?

287 2450 426 2511 Ubertate
435 2452 623 2521 inventionis,
637 2453 721 2529 copia
733 2451 952 2529 exemplorum,
962 2451 1104 2510 tractandi
1114 2451 1300 2524 dexteritate,
1399 2509 1401 2516 χ

286 2556 323 2618 τῷ
338 2550 393 2621 περὶ
410 2548 457 2609 τὰς
475 2549 567 2610 νοήσεις
584 2545 760 2620 ἁδρεπηΰολῳ,
775 2547 902 2627 denique
915 2553 947 2618 τῇ
961 2555 1076 2620 nepotari
1089 2549 1131 2602 nni
1145 2550 1301 2621 ἀξιωματικῇ
1400 2551 1401 2618 ]

286 2643 347 2710 λέξει
362 2645 647 2723 praestattuvenatis.

286 2797 289 2802 ·
325 2777 554 2834 Farnnrscus
574 2777 888 2846 Vrvsssor,eSoc.
903 2780 962 2834 ses.
977 2777 1024 2836 nb
1038 2777 1119 2836 omui
1132 2779 1247 2836 sevitio
1260 2779 1302 2836 is·

286 2884 385 2929 torum
401 2872 547 2949 (loquitur
558 2873 595 2928 de
607 2873 719 2928 ludicra
733 2871 961 2929 ridt'cr'rlariorum
975 2875 1116 2944 dictione,
1130 2895 1198 2948 quoe
1211 2879 1300 2950 vulgo

285 2967 444 3043 burlesque
455 2968 555 3046 audit)
566 2967 682 3046 lougius
697 2969 784 3026 etiam
797 2973 812 3025 J
815 2967 944 3026 uvenalis
957 2969 1090 3026 removit.
1105 2972 1178 3025 Nam
1193 2983 1223 3026 et
1236 2972 1300 3051 ejus

285 3063 431 3122 scribendi
444 3066 534 3136 ratio,
548 3086 608 3123 non
622 3065 672 3122 illa
687 3065 808 3143 quidem
821 3065 923 3145 purior
937 3078 987 3124 aut
1001 3066 1091 3123 latina
1105 3067 1196 3145 magis
1208 3065 1300 3146 quim

284 3159 414 3233 Horatii3
430 3160 590 3238 plurimum
605 3162 682 3218 enim
697 3161 794 3219 abest:
809 3161 860 3218 sed
875 3160 952 3218 haud
967 3161 1074 3239 paulo,
1090 3159 1179 3239 quim
1194 3164 1258 3242 ejus
1269 3175 1300 3221 ct

284 3258 390 3327 Persii,
405 3257 506 3315 elatior
517 3277 550 3314 ac
565 3259 729 3328 sonantior3
745 3270 774 3316 et
787 3259 931 3336 graviores
943 3258 1225 3336 ponderosioresque
1238 3280 1300 3319 sen-

284 3347 395 3425 teuti'ae;
413 3368 442 3412 et
451 3355 512 3435 joci
526 3356 680 3414 amariores
691 3377 698 3426 3
714 3354 880 3413 stomachus
891 3355 924 3412 in
938 3354 1127 3413 insolentium
1139 3355 1297 3416 hominum

282 3451 452 3529 indignitate
465 3450 650 3510 fastidiosior.
668 3454 758 3530 Cujus
777 3471 838 3509 non
852 3451 948 3522 oculi,
964 3472 1025 3511 non
1041 3471 1124 3510 aures
1140 3453 1215 3510 ferre
1230 3459 1299 3531 per'-

283 3547 360 3605 ditos
375 3547 497 3604 civitatis
512 3551 611 3605 mores
622 3559 747 3625 queant,
762 3547 921 3605 meditetur
940 3548 1001 3626 ipse
1016 3560 1045 3606 et
1061 3547 1183 3606 adornet
1197 3549 1298 3627 fugam

249 3698 251 3704 s
282 3646 313 3701 in
330 3643 448 3702 ultimas
466 3656 607 3703 terrarum
629 3664 709 3715 oras,
723 3644 777 3703 ubi
798 3645 834 3702 ne
845 3640 1021 3707 'Romanum
1046 3633 1167 3723 quide'm
1187 3665 1298 3704 nomen

282 3739 432 3798 exaudiat:
445 3741 561 3798 interim
576 3742 703 3798 incurrat
720 3741 751 3798 in
768 3741 900 3818 quemvis
915 3741 1055 3811 obvium,
1069 3754 1098 3798 et
1111 3753 1295 3821 prosternat,

282 3851 312 3896 et
330 3837 502 3896 conculcet:
517 3858 577 3896 non
591 3837 682 3896 modo
697 3837 765 3916 figat
779 3838 903 3910 aculeis,
918 3850 969 3895 aut
983 3858 1083 3896 morsu
1099 3840 1219 3917 frangat.
1235 3839 1297 3909 Qui

282 3937 306 3993 si
324 3935 398 3993 dixit
415 3955 476 3995 non
496 3955 576 4008 esse,
592 3935 673 4016 quod
694 3933 802 3996 diutius
822 3938 925 3996 Romae
944 3949 1157 4008 commoretur,
1172 3937 1292 4014 ibique,

632 4083 721 4177 'lt
