2922 4672
397 319 777 386 conuentum
810 322 960 392 stiur.
1136 345 1179 412 97

168 453 319 522 comment.
342 444 373 498 in
388 444 567 500 Martialem.
585 445 613 501 3⁰
629 447 679 502 Ge.
695 447 819 502 Meruloe
831 449 919 504 Alex.
934 447 1136 506 adnotationes
1148 449 1180 504 in

168 544 329 598 orationem
348 541 392 594 M.
418 541 506 596 Tullii
527 542 669 598 Ciceronis
690 543 734 596 nd
754 545 910 600 Lentulum
932 543 970 598 de
986 545 1020 600 vi
1035 556 1065 598 et
1080 545 1180 602 ordine

167 638 374 712 srgffmgiorum
396 637 427 692 in
449 638 612 694 oentun‘eztis
634 651 664 694 et
688 639 803 694 canons
828 641 966 708 conutaets,
985 653 1040 702 etc.
1061 642 1181 698 Exstant

169 753 288 812 quoque
298 731 430 812 ejusdem
441 733 646 792 Commentarii
657 733 836 803 iustitium,
846 735 1023 805 Martialem,
1033 733 1179 806 Plautum,

170 831 355 902 Ciceronem,
366 829 539 907 Virgilium,
551 829 695 899 Plinium,
710 830 941 902 Quintilianum,
955 831 1135 901 Ausonium,
1151 842 1181 889 et

170 939 302 986 auctores
318 925 356 984 de
373 930 415 990 Re
431 915 568 996 Rustica,
582 925 831 1004 Pbilologicorum
844 926 911 984 libri
926 929 971 996 X,
986 927 1181 1003 Antiquitates

169 1022 387 1083 vice-comitum
398 1021 537 1093 Mediob,
550 1033 605 1080 etc.
619 1021 697 1093 Quid
710 1021 746 1080 de
759 1023 822 1100 ejus
832 1021 1041 1080 commentario
1051 1022 1082 1079 in
1092 1026 1181 1080 Juve-

170 1119 266 1177 nalem
288 1119 426 1188 seutiam,
446 1116 521 1176 nihil
547 1136 626 1175 nuuc
648 1117 766 1177 dicam:
787 1138 854 1177 uam
877 1119 901 1176 is
924 1120 954 1176 in
976 1138 1080 1177 manus
1102 1139 1180 1178 meas

172 1236 232 1274 non
247 1215 346 1286 venit3
361 1214 412 1273 sed
427 1215 467 1272 ita
486 1214 524 1273 de
543 1233 579 1274 eo
598 1215 710 1293 judicat
730 1214 778 1274 Al.
801 1215 946 1294 Ruperti:
964 1215 1182 1293 «Hujuscom-

173 1338 186 1365 α
195 1312 354 1370 meutarius
365 1311 396 1368 in
408 1311 580 1384 iuvenalem
593 1331 653 1368 non
669 1312 766 1389 magui
779 1324 821 1369 est
836 1311 939 1389 pretii,
953 1312 1074 1390 ejusque
1088 1313 1181 1371 iuter-

173 1434 186 1460 «
195 1408 318 1487 pretotio
330 1427 406 1486 saepe
416 1406 462 1465 vel
471 1407 558 1466 nimis
569 1420 686 1486 arguta,
699 1407 746 1465 vel
757 1408 856 1486 inepta
866 1419 895 1466 et
908 1419 1050 1466 contorta.
1060 1408 1182 1468 Meliora

174 1531 186 1557 ι
197 1506 304 1583 passim
313 1505 345 1562 in
354 1523 442 1565 suum
453 1504 695 1564 commentarium
706 1503 851 1562 transtulit
862 1505 1061 1574 Britannicus,
1073 1525 1109 1562 ne
1121 1505 1182 1562 lais·

97 1599 104 1613 ⁰
175 1627 187 1653 «
200 1601 268 1660 dato
280 1601 400 1678 quidem
411 1601 509 1671 fonte,
522 1621 556 1658 ex
571 1621 632 1678 quo
646 1600 751 1658 hausit.
767 1600 930 1660 Multorum
941 1613 1038 1658 autem
1050 1622 1182 1660 errorum

169 1713 187 1749 ἀ
197 1697 340 1756 Mestrium
359 1698 454 1776 urgtsit
470 1699 532 1776 jum
551 1698 712 1756 Politisnus
733 1699 816 1776 epist.
837 1701 898 1768 XI,
918 1701 1071 1756 10.»tton
1090 1699 1182 1770 male,

166 1793 336 1852 'dummodo
348 1793 402 1851 ista
412 1812 532 1852 censura
543 1793 714 1853 melioribus
728 1795 904 1875 argumentis
916 1791 1004 1873 quim
1016 1796 1183 1874 praecedens

173 1891 284 1948 firmata
299 1893 345 1948 sit.
360 1891 481 1968 Absque
494 1903 577 1949 textu
591 1892 748 1970 impressus
763 1904 808 1951 est
822 1892 1047 1953 commentarius
1061 1893 1182 1952 Merulae

172 1987 396 2056 inluvenulem‚
411 1987 530 2045 Tarvisii
541 2008 594 2066 per
604 1989 732 2050 Barthol.
747 1989 785 2047 de
799 1987 1016 2060 Conioloueris,
1028 1989 1072 2061 f',
1088 1992 1181 2064 1478,

174 2096 286 2144 etcum
299 2096 397 2154 textu,
412 2086 573 2156 Pinarolii,
591 2093 683 2164 1479,
695 2086 733 2144 Γ.

645 2243 707 2310 Vl.
788 2275 789 2278 ¹

453 2385 711 2444 GEORGIUS
739 2384 901 2442 VALLA.

159 2595 162 2602 Ι
213 2513 365 2574 Placentiae
375 2512 620 2586 uatus,medicus
633 2528 663 2574 et
675 2515 823 2596 professor
833 2516 904 2604 ling.
917 2518 1025 2574 Graecae
1036 2527 1066 2576 et
1076 2517 1184 2578 Latinae
1303 2591 1305 2598 γ

176 2613 321 2684 venetiis,
335 2612 473 2690 idemque
491 2612 686 2683 clarissimus,
702 2624 807 2690 praeter
823 2613 895 2683 ulia,
910 2627 1067 2672 comment.
1086 2615 1117 2672 in
1132 2618 1186 2674 Ju-

176 2708 308 2767 venalem
319 2707 427 2778 edidit,
439 2728 529 2789 quem
541 2711 654 2766 Ioanni
665 2711 753 2766 Tucci
760 2711 931 2766 Pannonico
941 2710 1096 2788 inscripsit.
1108 2717 1186 2772 Usus

177 2817 219 2864 est
232 2807 354 2884 antiquo
368 2804 433 2863 cod.
450 2824 504 2863 ms.
520 2804 573 2882 qui
586 2817 615 2863 et
628 2805 732 2876 Probi,
747 2817 781 2866 ut
793 2804 933 2883 putabat,
945 2808 1125 2884 grammatici
1135 2809 1188 2874 ¹in-

176 2913 399 2980 terpretamenta
412 2900 588 2959 continebat.
604 2903 656 2958 11ae
673 2915 771 2959 autem
789 2914 865 2958 uotae
883 2901 970 2959 Probi
986 2922 1079 2980 usque
1092 2904 1131 2961 ad
1144 2923 1187 2962 sa-

174 2998 260 3057 tiram
269 3001 342 3057 VIII
349 2997 464 3056 Vallum
473 2997 600 3067 ducunt,
611 2985 664 3056 nec
674 2997 736 3056 aliae
746 3010 822 3067 sunt,
833 2997 888 3055 nisi
899 2997 957 3056 illae
969 3018 1041 3076 quos
1047 2999 1186 3066 Pithoeus

175 3095 207 3154 in
216 3094 284 3154 cod.
297 3094 424 3152 Eudemi
437 3095 554 3172 reperit.
569 3093 643 3151 Vide
658 3113 723 3172 sup.
736 3093 830 3152 Multa
840 3105 977 3172 praeterea
988 3097 1187 3172 superioribus
1241 3101 1242 3106 ’

151 3203 155 3212 ’
176 3192 305 3270 sublegit
318 3191 543 3269 interpretibus,
558 3202 588 3248 et
606 3189 767 3270 plurimum
783 3189 969 3268 etymologiis
982 3191 1121 3266 indulsit,
1135 3194 1188 3251 sed

177 3307 271 3366 pauca
285 3285 322 3346 de
338 3306 367 3344 se
381 3287 488 3344 attulit.
503 3289 570 3344 Non
585 3285 654 3345 ideo
667 3299 764 3344 tumen
778 3287 958 3364 spernendus
971 3299 1015 3344 est
1029 3288 1082 3345 iste
1095 3289 1189 3346 inter-

178 3403 269 3462 pres:
290 3403 358 3442 nam
380 3395 493 3442 textum
510 3383 634 3444 subinde
654 3384 802 3462 puriorem
823 3381 961 3441 reddidit.
983 3383 1078 3444 Prima
1098 3383 1186 3480 hujus

177 3483 269 3544 editio
282 3497 327 3542 est
340 3485 468 3555 Veneta,
487 3481 573 3554 1486.
614 3567 619 3585 τ
635 3569 716 3637 VH

261 3666 292 3768 ι’
358 3670 615 3772 xintortius
642 3709 987 3770 nincrnucnus.

219 3843 439 3930 Nitusielitris
449 3861 497 3901 en.
513 3837 652 3912 1452,ab
662 3853 739 3899 anno
750 3841 840 3898 aetitis
852 3859 911 3900 suae
921 3841 1006 3911 XXI,
1016 3840 1046 3899 iu
1055 3835 1190 3919 pluribus

181 3937 274 4000 italice
288 3939 384 4019 opidis
396 3937 617 4020 grammaticum
626 3935 819 4015 liberalesque
831 3949 906 3996 artes
920 3935 1039 4016 docuit,
1053 3949 1083 3998 et
1095 3937 1193 4015 magni

382 4035 386 4045 ’
992 4037 1012 4101 7
