2922 4672
358 323 360 328 '
405 327 752 397 couuuurmr
777 295 920 398 suun
1093 351 1165 419 ,ιορ

151 449 403 523 memorabilium,
413 465 568 512 auctorum
578 453 776 524 classicorum,
786 455 1028 534 eruditorumque
1038 455 1166 514 sereom-

154 548 257 619 nium,
273 548 305 604 in
325 549 416 605 totius
436 550 532 627 operis
555 547 635 606 illius
655 547 803 607 curriculo
825 531 985 626 inspersus,
1004 570 1069 628 quae
1091 551 1166 610 mihi

155 643 285 701 maximo
299 643 419 702 fuerunt
435 645 614 724 adjumento.
630 649 702 716 Quae
725 645 762 702 de
776 665 819 704 eo
836 647 898 724 jam
915 644 975 702 dixi
989 645 1073 702 initio
1090 666 1165 723 prae-

157 737 275 796 fationis
284 759 356 798 meae
372 740 425 817 (T.
438 743 469 811 Ι,
479 760 509 818 p.
517 741 573 818 u.)
587 759 647 797 non
656 753 794 817 repetam.
805 738 841 797 ld
851 739 946 798 solum
957 741 1164 818 superaddam:

155 833 264 891 vellem
275 834 360 894 Alex.
375 837 500 912 Ruperti
511 834 662 894 meliorem
676 836 804 894 fructum
818 855 854 892 ex
866 835 926 892 suis
938 834 1089 896 codicibus
1102 855 1166 914 per·

155 931 284 1008 cepisse3
299 950 360 988 non
377 929 450 988 adeo
469 927 609 988 serviliter
621 942 680 987 vet.
698 929 789 987 schol.
806 940 918 987 textum
937 941 1069 988 recurram
1086 949 1166 1004 esse,

152 1037 185 1081 et
194 1025 291 1082 multo
301 1025 399 1103 plures
410 1025 548 1103 antiquas¹
554 1025 694 1098 lectiones
703 1026 882 1084 venustiores
891 1025 1081 1096 revocavisse,
1094 1045 1167 1104 quas

155 1132 269 1178 tantum
279 1121 382 1178 leviter
391 1120 517 1179 indicat:
528 1119 650 1192 vellem,
661 1133 813 1198 praeterea,
826 1120 960 1178 locorum
969 1121 1164 1198 quorumdam

155 1217 362 1274 obscuriorum
375 1216 583 1296 explicationes
597 1215 635 1274 ab
649 1235 692 1275 eov
703 1217 784 1275 datas
796 1217 893 1276 miuus
905 1216 1167 1295 prolixas„duhias
1221 1221 1225 1234 '

152 1313 271 1383 minus,
285 1325 314 1370 et
335 1312 424 1390 paulo
443 1313 703 1372 audacioresesse.
725 1311 782 1371 Sed
802 1312 864 1372 haec
883 1313 993 1390 ingenti
1012 1315 1123 1388 merito,
1136 1327 1167 1374 ct
1219 1293 1229 1316 ⁸

152 1409 304 1467 modestiae
317 1409 371 1467 viri
389 1408 609 1480 condonemus,
627 1421 656 1467 et
675 1408 818 1466 fateamur
837 1429 905 1466 eum
923 1408 1065 1487 imprimis
1076 1431 1092 1468 a
1105 1411 1165 1468 cri-

153 1505 219 1563 ticis
231 1517 261 1564 et
274 1506 396 1578 eruditis
409 1506 565 1578 omnihus,
580 1505 604 1564 si
614 1525 675 1564 non
688 1525 705 1564 a
717 1505 891 1584 juvenibus,
907 1519 1049 1584 perpetuo
1065 1507 1165 1585 legen-

153 1601 225 1660 dum
239 1614 269 1659 et
282 1601 536 1662 considerandum.
549 1602 652 1680 Operis
664 1612 763 1659 autem
775 1602 838 1679 ejus
850 1600 911 1660 haec
923 1614 966 1659 est
977 1600 1161 1674 distributio:

154 1699 282 1776 primum
295 1700 434 1760 volumen
449 1697 655 1777 complectitur
667 1697 890 1776 prolegomena,
903 1699 1030 1756 scilicet:
1047 1701 1074 1756 1⁹
1087 1705 1163 1762 Prte-

153 1793 312 1866 fationem;
329 1798 357 1854 2⁰
372 1797 469 1854 Vitam
482 1793 630 1852 luvenalis
647 1795 786 1853 Suetonio
802 1795 971 1852 attributam
990 1813 1058 1851 cum
1077 1816 1163 1854 com·
1234 1857 1236 1862 ,

152 1893 294 1950 mentario
304 1888 436 1951 salmasii
445 1904 474 1950 et
482 1891 643 1965 Dodwelli3
655 1891 740 1963 item,
749 1892 847 1948 Vitam
854 1889 1002 1950 luvenalis
1010 1911 1063 1968 per
1072 1912 1163 1953 annos

153 1987 295 2068 digestam
305 1986 342 2046 ab
351 1989 399 2045 Al.
409 1987 547 2066 Ruperti;
558 1986 586 2046 3⁰
596 1991 640 2046 De
651 1988 736 2046 satira
747 1990 961 2056 Romanorum,
972 1987 1050 2046 etde
1064 1990 1163 2050 satiro·

97 2097 102 2103 “
152 2085 271 2164 graphia
279 2085 435 2156 Romanis,
448 2085 525 2142 etde
537 2085 621 2143 satira
632 2083 753 2156 Lucilii,
764 2084 891 2155 Horatii,
901 2083 990 2142 Persii
1001 2096 1030 2142 et
1040 2088 1162 2145 Juvena-
1180 2150 1191 2173 ,

152 2181 202 2252 lis,
213 2191 351 2238 tractatus
359 2183 430 2252 t'res;
443 2181 471 2248 4·
479 2179 610 2238 Indicem
619 2178 706 2237 codd.
714 2181 796 2236 MSS.
805 2179 842 2236 ab
852 2177 963 2237 editore
974 2179 1162 2254 collatorum

154 2277 184 2334 5ο
192 2275 326 2334 Indicem
335 2275 513 2335 editionum:
525 2289 591 2356 post
600 2275 815 2356 prolegomena,
825 2276 897 2332 XVI
907 2275 1010 2334 Satires
1016 2279 1033 2332 J
1034 2277 1164 2336 uvenalis

151 2373 185 2429 in
197 2372 330 2450 quinque
341 2371 430 2431 libros
441 2371 621 2450 dispertitas,
633 2371 708 2430 infre
719 2390 805 2449 quas,
818 2369 970 2448 leguntur,
984 2371 1101 2429 duobus
1113 2392 1164 2431 co-

151 2468 279 2538 lumnis,
292 2467 453 2528 charactere
466 2487 550 2526 nonae
565 2469 665 2527 formae
674 2511 682 2539 ,
692 2467 777 2525 variae
788 2465 927 2525 lectiones
938 2466 1160 2544 copiosissimae;

153 2578 220 2644 post
240 2566 356 2639 satiras,
375 2585 514 2625 excursus
535 2563 573 2622 ad
593 2564 658 2622 loca
679 2562 844 2622 difficiliora
862 2563 1025 2634 luvenalis3
1041 2563 1163 2624 demum

151 2663 280 2721 indicem
298 2663 397 2722 renim
417 2675 446 2722 et
464 2661 621 2721 verborum
641 2660 933 2719 abundantissimum.
956 2661 1086 2718 Primum
1104 2660 1162 2720 hoc

55 2769 59 2774 '
152 2758 291 2818 volumen
303 2757 392 2817 habet
407 2759 547 2819 CMXXV
561 2758 689 2836 paginas.
710 2759 745 2814 In
767 2755 895 2814 secundo
910 2767 1008 2813 antem
1021 2759 1163 2820 DCCCIV

152 2856 263 2933 paginis
274 2867 434 2927 constante,
447 2867 538 2913 exstat
547 2854 772 2912 commentarius
781 2853 862 2911 solus
872 2851 976 2910 eodem
986 2851 1159 2926 charactere,

153 2969 213 3027 quo
226 2951 312 3009 variae
325 2950 466 3010 lectiones
476 2949 635 3009 voluminis
648 2948 745 3029 primi.

190 3137 298 3192 Praeter
319 3153 370 3192 eos
394 3135 671 3194 commentariorum
695 3133 864 3210 scriptores,
878 3129 928 3189 alii
950 3131 987 3189 ad
1007 3147 1159 3194 auctorem

152 3241 285 3288 nostrum
315 3230 521 3289 illustrandum
551 3249 695 3288 accessere
707 3251 716 3300 3
738 3228 789 3287 sed
818 3228 849 3286 in
879 3227 1063 3288 bibliothecis
1090 3230 1160 3290 latet

146 3343 256 3409 eorum
271 3323 364 3384 labor.
383 3329 463 3385 Inter
479 3345 529 3384 eos
549 3327 694 3404 praecipue
715 3323 892 3384 laudantur:
912 3325 938 3379 1⁰
955 3325 1073 3399 Garpar
1086 3330 1160 3384 Bar

152 3422 243 3494 thius,
264 3423 292 3479 2⁰
313 3428 436 3480 Isaaeuc
459 3425 661 3493 Casauborrus,
677 3422 729 3499 qui
746 3420 777 3478 in
796 3419 966 3477 iuvenalem
986 3435 1159 3481 commenta-

152 3527 199 3574 tus
207 3527 268 3587 est,
278 3517 348 3574 utin
355 3517 496 3588 Persium,
506 3517 726 3575 traheremus
733 3515 956 3574 Elmerrhorstius
962 3557 972 3584 ‚
985 3517 1013 3584 4⁰
1025 3518 1160 3577 Octavius

152 3614 319 3684 Ferrarius,
336 3613 365 3670 5⁰
383 3614 509 3672 Thomas
531 3615 622 3684 Gale,
639 3613 668 3669 6⁰
687 3613 878 3680 Pearsorrr'us,
896 3611 924 3683 7⁰
940 3613 1158 3686 Bourdelotr'us,

153 3707 181 3766 8⁰
192 3711 262 3766 Jac.
284 3708 454 3769 Thomasr'us
463 3753 474 3780 ,
490 3709 519 3786 9⁰
538 3711 576 3765 D.
602 3707 777 3766 Chrestianus
796 3709 922 3776 Βαίτων,
942 3707 987 3762 10⁰
1005 3711 1051 3764 lo.
1071 3711 1158 3767 Gottl.

150 3806 230 3862 Sam.
250 3805 408 3876 Schwabe,
428 3807 475 3862 11⁰
493 3806 630 3875 Cramer,
646 3814 677 3861 et
694 3802 793 3864 ioman
811 3802 861 3862 alii
879 3802 1019 3882 permulti
1033 3824 1161 3884 quorum

153 3902 273 3960 uomina
284 3902 499 3982 cormgerunr.
