<?xml version="1.0" encoding="UTF-8"?>
<!DOCTYPE html PUBLIC "-//W3C//DTD XHTML 1.0 Transitional//EN"
    "http://www.w3.org/TR/xhtml1/DTD/xhtml1-transitional.dtd">
<html xmlns="http://www.w3.org/1999/xhtml" xml:lang="en" lang="en">
 <head>
  <title>
</title>
<meta http-equiv="Content-Type" content="text/html;charset=utf-8" />
  <meta name='ocr-system' content='tesseract 3.04.00' />
  <meta name='ocr-capabilities' content='ocr_page ocr_carea ocr_par ocr_line ocrx_word'/>
</head>
<body>
  <div class='ocr_page' id='page_1' title='image "./satirae00pithgoog_0355.png"; bbox 0 0 2868 4658; ppageno 0'>
   <div class='ocr_carea' id='block_1_1' title="bbox 208 297 1063 426">
    <p class='ocr_par' dir='ltr' id='par_1_1' title="bbox 208 297 1063 426">
     <span class='ocr_line' id='line_1_1' title="bbox 208 297 1063 426; baseline -0.009 -21"><span class='ocrx_word' id='word_1_1' title='bbox 208 335 211 340; x_wconf 88' lang='grc'><strong><em>·</em></strong></span> <span class='ocrx_word' id='word_1_2' title='bbox 253 337 315 419; x_wconf 71' lang='lat' dir='ltr'><strong>ors</strong></span> <span class='ocrx_word' id='word_1_3' title='bbox 477 329 618 426; x_wconf 72' lang='lat' dir='ltr'><strong>turn.</strong></span> <span class='ocrx_word' id='word_1_4' title='bbox 648 321 1018 402; x_wconf 69' lang='lat' dir='ltr'><strong>construuntur</strong></span> <span class='ocrx_word' id='word_1_5' title='bbox 1058 297 1063 308; x_wconf 66' lang='grc'><strong><em>”</em></strong></span> 
     </span>
    </p>
   </div>
   <div class='ocr_carea' id='block_1_2' title="bbox 192 453 1270 3321">
    <p class='ocr_par' dir='ltr' id='par_1_2' title="bbox 192 453 1260 735">
     <span class='ocr_line' id='line_1_2' title="bbox 288 453 1260 537; baseline -0.006 -17"><span class='ocrx_word' id='word_1_6' title='bbox 288 467 325 519; x_wconf 99' lang='lat' dir='ltr'><strong>V.</strong></span> <span class='ocrx_word' id='word_1_7' title='bbox 342 464 387 520; x_wconf 86' lang='grc' dir='ltr'><strong>3ο.</strong></span> <span class='ocrx_word' id='word_1_8' title='bbox 404 465 579 537; x_wconf 80' lang='lat' dir='ltr'><strong><em>Quanquam</em></strong></span> <span class='ocrx_word' id='word_1_9' title='bbox 595 463 692 518; x_wconf 87' lang='lat' dir='ltr'><strong>omnia</strong></span> <span class='ocrx_word' id='word_1_10' title='bbox 708 465 806 535; x_wconf 77' lang='lat' dir='ltr'><strong>sym]</strong></span> <span class='ocrx_word' id='word_1_11' title='bbox 820 463 922 517; x_wconf 83' lang='lat' dir='ltr'><strong>Vestes</strong></span> <span class='ocrx_word' id='word_1_12' title='bbox 936 458 1065 536; x_wconf 82' lang='lat' dir='ltr'><strong>tragicas.</strong></span> <span class='ocrx_word' id='word_1_13' title='bbox 1081 453 1260 534; x_wconf 72' lang='lat' dir='ltr'><strong>Trago&#39;edias.</strong></span> 
     </span>
     <span class='ocr_line' id='line_1_3' title="bbox 289 553 1259 634; baseline -0.006 -18"><span class='ocrx_word' id='word_1_14' title='bbox 289 563 326 616; x_wconf 92' lang='lat' dir='ltr'><strong>V.</strong></span> <span class='ocrx_word' id='word_1_15' title='bbox 346 561 392 616; x_wconf 78' lang='lat'><strong>32.</strong></span> <span class='ocrx_word' id='word_1_16' title='bbox 406 561 481 616; x_wconf 85' lang='lat' dir='ltr'><strong>Dira</strong></span> <span class='ocrx_word' id='word_1_17' title='bbox 501 561 582 634; x_wconf 86' lang='lat' dir='ltr'><strong>quod</strong></span> <span class='ocrx_word' id='word_1_18' title='bbox 596 565 655 630; x_wconf 72' lang='lat' dir='ltr'><strong>ecc]</strong></span> <span class='ocrx_word' id='word_1_19' title='bbox 673 557 761 630; x_wconf 89' lang='lat' dir='ltr'><strong>Quod</strong></span> <span class='ocrx_word' id='word_1_20' title='bbox 781 555 860 634; x_wconf 85' lang='lat' dir='ltr'><strong>apud</strong></span> <span class='ocrx_word' id='word_1_21' title='bbox 876 560 1045 633; x_wconf 83' lang='lat' dir='ltr'><strong>Aegyptum</strong></span> <span class='ocrx_word' id='word_1_22' title='bbox 1058 553 1167 610; x_wconf 82' lang='lat' dir='ltr'><strong>sactum</strong></span> <span class='ocrx_word' id='word_1_23' title='bbox 1181 566 1226 611; x_wconf 87' lang='lat' dir='ltr'><strong>est</strong></span> <span class='ocrx_word' id='word_1_24' title='bbox 1240 567 1259 610; x_wconf 76' lang='lat' dir='ltr'>a</span> 
     </span>
     <span class='ocr_line' id='line_1_4' title="bbox 192 654 374 735; baseline -0.016 -21"><span class='ocrx_word' id='word_1_25' title='bbox 192 655 194 660; x_wconf 71' lang='grc'>’</span> <span class='ocrx_word' id='word_1_26' title='bbox 251 654 374 735; x_wconf 85' lang='lat' dir='ltr'><strong>populo.</strong></span> 
     </span>
    </p>

    <p class='ocr_par' dir='ltr' id='par_1_3' title="bbox 252 736 1258 925">
     <span class='ocr_line' id='line_1_5' title="bbox 291 736 1258 826; baseline -0.008 -17"><span class='ocrx_word' id='word_1_27' title='bbox 291 755 327 809; x_wconf 93' lang='lat' dir='ltr'><strong>V.</strong></span> <span class='ocrx_word' id='word_1_28' title='bbox 343 751 389 809; x_wconf 85' lang='lat'><strong>35.</strong></span> <span class='ocrx_word' id='word_1_29' title='bbox 406 753 512 808; x_wconf 81' lang='lat' dir='ltr'><em>Ombos</em></span> <span class='ocrx_word' id='word_1_30' title='bbox 526 764 556 808; x_wconf 89' lang='lat' dir='ltr'><strong>et</strong></span> <span class='ocrx_word' id='word_1_31' title='bbox 572 745 809 826; x_wconf 74' lang='lat' dir='ltr'><strong>Tentyra.]1nter</strong></span> <span class='ocrx_word' id='word_1_32' title='bbox 823 736 878 807; x_wconf 82' lang='lat' dir='ltr'><strong>hos&#39;</strong></span> <span class='ocrx_word' id='word_1_33' title='bbox 888 747 1000 806; x_wconf 86' lang='lat' dir='ltr'><strong>Ombos</strong></span> <span class='ocrx_word' id='word_1_34' title='bbox 1012 759 1041 804; x_wconf 92' lang='lat' dir='ltr'><strong>et</strong></span> <span class='ocrx_word' id='word_1_35' title='bbox 1051 749 1195 823; x_wconf 76' lang='lat' dir='ltr'><strong>Tentyra,</strong></span> <span class='ocrx_word' id='word_1_36' title='bbox 1206 759 1258 802; x_wconf 80' lang='lat' dir='ltr'><strong>ac·</strong></span> 
     </span>
     <span class='ocr_line' id='line_1_6' title="bbox 252 843 1054 925; baseline -0.01 -19"><span class='ocrx_word' id='word_1_37' title='bbox 252 848 399 906; x_wconf 84' lang='lat' dir='ltr'><strong>cusativus</strong></span> <span class='ocrx_word' id='word_1_38' title='bbox 412 845 550 925; x_wconf 81' lang='lat' dir='ltr'><strong>pluralis,</strong></span> <span class='ocrx_word' id='word_1_39' title='bbox 562 859 596 903; x_wconf 89' lang='lat' dir='ltr'><strong>ut</strong></span> <span class='ocrx_word' id='word_1_40' title='bbox 607 844 745 915; x_wconf 74' lang='lat' dir='ltr'><strong>Maenala,</strong></span> <span class='ocrx_word' id='word_1_41' title='bbox 758 844 857 902; x_wconf 80' lang='lat' dir='ltr'><strong>civitas</strong></span> <span class='ocrx_word' id='word_1_42' title='bbox 868 843 1005 922; x_wconf 78' lang='lat' dir='ltr'><strong>Aegypti.</strong></span> <span class='ocrx_word' id='word_1_43' title='bbox 1052 921 1054 924; x_wconf 23' lang='grc' dir='ltr'>Ι</span> 
     </span>
    </p>

    <p class='ocr_par' dir='ltr' id='par_1_4' title="bbox 292 925 1263 1016">
     <span class='ocr_line' id='line_1_7' title="bbox 292 925 1263 1016; baseline -0.005 -18"><span class='ocrx_word' id='word_1_44' title='bbox 292 947 329 1000; x_wconf 88' lang='lat' dir='ltr'><strong>V.</strong></span> <span class='ocrx_word' id='word_1_45' title='bbox 348 945 395 1000; x_wconf 78' lang='lat'><strong>36.</strong></span> <span class='ocrx_word' id='word_1_46' title='bbox 413 946 501 1016; x_wconf 81' lang='lat' dir='ltr'><strong>Quod</strong></span> <span class='ocrx_word' id='word_1_47' title='bbox 508 946 627 1000; x_wconf 83' lang='lat' dir='ltr'><strong>numina</strong></span> <span class='ocrx_word' id='word_1_48' title='bbox 640 944 821 1010; x_wconf 68' lang='lat' dir='ltr'><strong>uicinorum]</strong></span> <span class='ocrx_word' id='word_1_49' title='bbox 832 938 921 1012; x_wconf 79' lang='lat' dir='ltr'><strong>Quod</strong></span> <span class='ocrx_word' id='word_1_50' title='bbox 931 925 975 996; x_wconf 84' lang='lat' dir='ltr'><strong>illi</strong></span> <span class='ocrx_word' id='word_1_51' title='bbox 985 938 1058 996; x_wconf 84' lang='lat' dir='ltr'><strong>aiios</strong></span> <span class='ocrx_word' id='word_1_52' title='bbox 1068 942 1146 996; x_wconf 88' lang='lat' dir='ltr'>Deos</span> <span class='ocrx_word' id='word_1_53' title='bbox 1158 937 1263 996; x_wconf 82' lang='lat' dir='ltr'><strong>coiunt</strong></span> 
     </span>
    </p>

    <p class='ocr_par' dir='ltr' id='par_1_5' title="bbox 253 1037 726 1098">
     <span class='ocr_line' id='line_1_8' title="bbox 253 1037 726 1098; baseline -0.002 0"><span class='ocrx_word' id='word_1_54' title='bbox 253 1041 350 1098; x_wconf 81' lang='lat' dir='ltr'><strong>ticini.</strong></span> <span class='ocrx_word' id='word_1_55' title='bbox 502 1037 504 1044; x_wconf 76' lang='grc'><strong>’</strong></span> <span class='ocrx_word' id='word_1_56' title='bbox 722 1065 726 1076; x_wconf 78' lang='grc'><em>·</em></span> 
     </span>
    </p>

    <p class='ocr_par' dir='ltr' id='par_1_6' title="bbox 293 1125 1146 1210">
     <span class='ocr_line' id='line_1_9' title="bbox 293 1125 1146 1210; baseline -0.006 -18"><span class='ocrx_word' id='word_1_57' title='bbox 293 1138 330 1192; x_wconf 90' lang='lat' dir='ltr'><strong>V.</strong></span> <span class='ocrx_word' id='word_1_58' title='bbox 344 1137 392 1192; x_wconf 81' lang='grc'><strong>88.</strong></span> <span class='ocrx_word' id='word_1_59' title='bbox 405 1136 464 1192; x_wconf 85' lang='lat' dir='ltr'><strong>Sed</strong></span> <span class='ocrx_word' id='word_1_60' title='bbox 472 1135 701 1210; x_wconf 61' lang='lat' dir='ltr'><strong>temporassem]</strong></span> <span class='ocrx_word' id='word_1_61' title='bbox 716 1130 882 1190; x_wconf 81' lang='lat' dir='ltr'><strong>Cirm&#39;diem</strong></span> <span class='ocrx_word' id='word_1_62' title='bbox 893 1130 1001 1188; x_wconf 81' lang='lat' dir='ltr'><strong>festum</strong></span> <span class='ocrx_word' id='word_1_63' title='bbox 1013 1125 1146 1188; x_wconf 73' lang='lat' dir='ltr'><strong>babeant.</strong></span> 
     </span>
    </p>

    <p class='ocr_par' dir='ltr' id='par_1_7' title="bbox 256 1227 1261 1394">
     <span class='ocr_line' id='line_1_10' title="bbox 293 1227 1261 1306; baseline -0.007 -18"><span class='ocrx_word' id='word_1_64' title='bbox 293 1235 330 1288; x_wconf 89' lang='lat' dir='ltr'><strong>V.</strong></span> <span class='ocrx_word' id='word_1_65' title='bbox 354 1241 400 1300; x_wconf 95' lang='grc'><strong>44.</strong></span> <span class='ocrx_word' id='word_1_66' title='bbox 421 1233 565 1306; x_wconf 79' lang='lat' dir='ltr'><em>Septimus</em></span> <span class='ocrx_word' id='word_1_67' title='bbox 585 1233 723 1299; x_wconf 83' lang='lat' dir='ltr'><strong>interea.]</strong></span> <span class='ocrx_word' id='word_1_68' title='bbox 742 1227 899 1286; x_wconf 68' lang='lat' dir='ltr'><strong>Festiritns‘</strong></span> <span class='ocrx_word' id='word_1_69' title='bbox 912 1246 1058 1285; x_wconf 85' lang='lat' dir='ltr'><strong>sacrorum</strong></span> <span class='ocrx_word' id='word_1_70' title='bbox 1076 1247 1130 1305; x_wconf 88' lang='lat' dir='ltr'><strong>per</strong></span> <span class='ocrx_word' id='word_1_71' title='bbox 1149 1229 1261 1303; x_wconf 82' lang='lat' dir='ltr'><strong>septem</strong></span> 
     </span>
     <span class='ocr_line' id='line_1_11' title="bbox 256 1315 1252 1394; baseline -0.003 -9"><span class='ocrx_word' id='word_1_72' title='bbox 256 1328 319 1385; x_wconf 89' lang='lat' dir='ltr'><strong>dies</strong></span> <span class='ocrx_word' id='word_1_73' title='bbox 333 1328 407 1386; x_wconf 84' lang='lat' dir='ltr'><strong>solet</strong></span> <span class='ocrx_word' id='word_1_74' title='bbox 421 1327 570 1394; x_wconf 82' lang='lat' dir='ltr'><strong>celebrari.</strong></span> <span class='ocrx_word' id='word_1_75' title='bbox 1247 1315 1252 1326; x_wconf 65' lang='grc'><strong>”</strong></span> 
     </span>
    </p>

    <p class='ocr_par' dir='ltr' id='par_1_8' title="bbox 293 1420 1153 1504">
     <span class='ocr_line' id='line_1_12' title="bbox 293 1420 1153 1504; baseline -0.003 -24"><span class='ocrx_word' id='word_1_76' title='bbox 293 1427 331 1480; x_wconf 88' lang='lat' dir='ltr'><strong>V.</strong></span> <span class='ocrx_word' id='word_1_77' title='bbox 347 1424 396 1491; x_wconf 92' lang='grc'><strong>46.</strong></span> <span class='ocrx_word' id='word_1_78' title='bbox 410 1423 576 1498; x_wconf 83' lang='lat' dir='ltr'><strong>Barbaros.</strong></span> <span class='ocrx_word' id='word_1_79' title='bbox 588 1443 650 1479; x_wconf 89' lang='lat' dir='ltr'><strong>n.c.</strong></span> <span class='ocrx_word' id='word_1_80' title='bbox 662 1423 767 1492; x_wconf 67' lang='lat' dir='ltr'><strong>turbo]</strong></span> <span class='ocrx_word' id='word_1_81' title='bbox 779 1420 961 1478; x_wconf 75' lang='lat' dir='ltr'><strong>Alexandria.</strong></span> <span class='ocrx_word' id='word_1_82' title='bbox 1052 1492 1054 1500; x_wconf 12' lang='grc' dir='ltr'>γ</span> <span class='ocrx_word' id='word_1_83' title='bbox 1151 1495 1153 1504; x_wconf 37' lang='grc' dir='ltr'>Ι</span> 
     </span>
    </p>

    <p class='ocr_par' dir='ltr' id='par_1_9' title="bbox 296 1517 736 1594">
     <span class='ocr_line' id='line_1_13' title="bbox 296 1517 736 1594; baseline -0.009 -18"><span class='ocrx_word' id='word_1_84' title='bbox 296 1517 374 1576; x_wconf 87' lang='lat' dir='ltr'><strong>lbid.</strong></span> <span class='ocrx_word' id='word_1_85' title='bbox 392 1520 533 1594; x_wconf 74' lang='lat' dir='ltr'><strong>Canopo]</strong></span> <span class='ocrx_word' id='word_1_86' title='bbox 548 1518 651 1576; x_wconf 75' lang='lat' dir='ltr'><strong>Latina</strong></span> <span class='ocrx_word' id='word_1_87' title='bbox 665 1517 736 1594; x_wconf 76' lang='lat' dir='ltr'><strong>ripa.</strong></span> 
     </span>
    </p>

    <p class='ocr_par' dir='ltr' id='par_1_10' title="bbox 294 1609 1212 1689">
     <span class='ocr_line' id='line_1_14' title="bbox 294 1609 1212 1689; baseline -0.007 -19"><span class='ocrx_word' id='word_1_88' title='bbox 294 1617 333 1671; x_wconf 88' lang='lat' dir='ltr'><strong>V.</strong></span> <span class='ocrx_word' id='word_1_89' title='bbox 350 1615 397 1683; x_wconf 95' lang='grc'><strong>48.</strong></span> <span class='ocrx_word' id='word_1_90' title='bbox 410 1617 515 1670; x_wconf 78' lang='lat' dir='ltr'><strong>Blaesis</strong></span> <span class='ocrx_word' id='word_1_91' title='bbox 525 1627 612 1688; x_wconf 85' lang='lat' dir='ltr'><strong>atque</strong></span> <span class='ocrx_word' id='word_1_92' title='bbox 623 1634 660 1668; x_wconf 88' lang='lat' dir='ltr'><strong>m.</strong></span> <span class='ocrx_word' id='word_1_93' title='bbox 674 1619 704 1682; x_wconf 90' lang='lat' dir='ltr'><strong>t.]</strong></span> <span class='ocrx_word' id='word_1_94' title='bbox 719 1615 761 1668; x_wconf 87' lang='lat' dir='ltr'><strong>Ex</strong></span> <span class='ocrx_word' id='word_1_95' title='bbox 775 1623 855 1689; x_wconf 85' lang='lat' dir='ltr'><strong>parte</strong></span> <span class='ocrx_word' id='word_1_96' title='bbox 869 1611 1027 1670; x_wconf 87' lang='lat' dir='ltr'><strong>ebriosum.</strong></span> <span class='ocrx_word' id='word_1_97' title='bbox 1038 1609 1212 1668; x_wconf 81' lang='lat' dir='ltr'><strong>Terentius:</strong></span> 
     </span>
    </p>

    <p class='ocr_par' dir='ltr' id='par_1_11' title="bbox 404 1708 1168 1774">
     <span class='ocr_line' id='line_1_15' title="bbox 404 1708 1168 1774; baseline -0.005 -16"><span class='ocrx_word' id='word_1_98' title='bbox 404 1755 409 1766; x_wconf 88' lang='grc'><strong>,</strong></span> <span class='ocrx_word' id='word_1_99' title='bbox 432 1713 495 1758; x_wconf 82' lang='lat' dir='ltr'><strong>Num</strong></span> <span class='ocrx_word' id='word_1_100' title='bbox 504 1727 585 1774; x_wconf 83' lang='lat' dir='ltr'><strong>neque</strong></span> <span class='ocrx_word' id='word_1_101' title='bbox 594 1726 638 1774; x_wconf 83' lang='lat' dir='ltr'><strong>pes</strong></span> <span class='ocrx_word' id='word_1_102' title='bbox 647 1743 654 1768; x_wconf 92' lang='lat'><strong>‚</strong></span> <span class='ocrx_word' id='word_1_103' title='bbox 664 1725 746 1773; x_wconf 85' lang='lat' dir='ltr'><strong>neque</strong></span> <span class='ocrx_word' id='word_1_104' title='bbox 755 1726 825 1757; x_wconf 87' lang='lat' dir='ltr'><strong>mens</strong></span> <span class='ocrx_word' id='word_1_105' title='bbox 834 1710 891 1756; x_wconf 82' lang='lat' dir='ltr'><strong>satis</strong></span> <span class='ocrx_word' id='word_1_106' title='bbox 900 1725 973 1757; x_wconf 86' lang='lat' dir='ltr'><strong>suum</strong></span> <span class='ocrx_word' id='word_1_107' title='bbox 983 1708 1093 1756; x_wconf 81' lang='lat' dir='ltr'><strong>officium</strong></span> <span class='ocrx_word' id='word_1_108' title='bbox 1103 1709 1168 1756; x_wconf 81' lang='lat' dir='ltr'><strong>facit.</strong></span> 
     </span>
    </p>

    <p class='ocr_par' dir='ltr' id='par_1_12' title="bbox 259 1801 1234 1972">
     <span class='ocr_line' id='line_1_16' title="bbox 295 1801 1115 1881; baseline -0.006 -18"><span class='ocrx_word' id='word_1_109' title='bbox 295 1809 331 1863; x_wconf 93' lang='lat' dir='ltr'><strong>V.</strong></span> <span class='ocrx_word' id='word_1_110' title='bbox 348 1814 394 1881; x_wconf 85' lang='grc'><strong>49.</strong></span> <span class='ocrx_word' id='word_1_111' title='bbox 411 1805 501 1879; x_wconf 76' lang='lat' dir='ltr'><strong>Nigro</strong></span> <span class='ocrx_word' id='word_1_112' title='bbox 513 1805 644 1873; x_wconf 73' lang='lat' dir='ltr'><strong>tibicine]</strong></span> <span class='ocrx_word' id='word_1_113' title='bbox 661 1802 806 1880; x_wconf 81' lang='lat' dir='ltr'><strong>Aethiope</strong></span> <span class='ocrx_word' id='word_1_114' title='bbox 819 1822 915 1880; x_wconf 90' lang='lat' dir='ltr'><strong>neque</strong></span> <span class='ocrx_word' id='word_1_115' title='bbox 930 1801 1115 1860; x_wconf 71' lang='lat' dir='ltr'><strong>delectarent.</strong></span> 
     </span>
     <span class='ocr_line' id='line_1_17' title="bbox 259 1898 1234 1972; baseline -0.003 -13"><span class='ocrx_word' id='word_1_116' title='bbox 259 1923 261 1930; x_wconf 61' lang='lat'><strong><em>⁴</em></strong></span> <span class='ocrx_word' id='word_1_117' title='bbox 295 1905 334 1958; x_wconf 89' lang='lat' dir='ltr'><strong>V.</strong></span> <span class='ocrx_word' id='word_1_118' title='bbox 349 1901 395 1958; x_wconf 79' lang='lat'><strong>51.</strong></span> <span class='ocrx_word' id='word_1_119' title='bbox 409 1903 485 1957; x_wconf 85' lang='lat' dir='ltr'><strong>Hinc</strong></span> <span class='ocrx_word' id='word_1_120' title='bbox 492 1903 625 1972; x_wconf 83' lang='lat' dir='ltr'><strong>jejunum</strong></span> <span class='ocrx_word' id='word_1_121' title='bbox 638 1902 758 1970; x_wconf 72' lang='lat' dir='ltr'><strong>odium]</strong></span> <span class='ocrx_word' id='word_1_122' title='bbox 773 1900 821 1957; x_wconf 78' lang='lat' dir='ltr'><strong>Ab</strong></span> <span class='ocrx_word' id='word_1_123' title='bbox 834 1898 960 1956; x_wconf 88' lang='lat' dir='ltr'><strong>inimicis</strong></span> <span class='ocrx_word' id='word_1_124' title='bbox 972 1899 1076 1956; x_wconf 76' lang='lat' dir='ltr'><strong>infesta</strong></span> <span class='ocrx_word' id='word_1_125' title='bbox 1088 1899 1234 1958; x_wconf 85' lang='lat' dir='ltr'><strong>sobrietas.</strong></span> 
     </span>
    </p>

    <p class='ocr_par' dir='ltr' id='par_1_13' title="bbox 296 1994 1246 2073">
     <span class='ocr_line' id='line_1_18' title="bbox 296 1994 1246 2073; baseline -0.003 -19"><span class='ocrx_word' id='word_1_126' title='bbox 296 2001 333 2054; x_wconf 89' lang='lat' dir='ltr'><strong>V.</strong></span> <span class='ocrx_word' id='word_1_127' title='bbox 352 1997 398 2054; x_wconf 76' lang='lat'><strong>52.</strong></span> <span class='ocrx_word' id='word_1_128' title='bbox 413 2000 486 2054; x_wconf 81' lang='lat' dir='ltr'><strong>Hoec</strong></span> <span class='ocrx_word' id='word_1_129' title='bbox 500 1999 567 2052; x_wconf 84' lang='lat' dir='ltr'><strong>tuba</strong></span> <span class='ocrx_word' id='word_1_130' title='bbox 582 1998 677 2067; x_wconf 58' lang='lat' dir='ltr'><strong>rire]</strong></span> <span class='ocrx_word' id='word_1_131' title='bbox 691 1996 870 2065; x_wconf 72' lang='lat' dir='ltr'><strong>Tubernuc,</strong></span> <span class='ocrx_word' id='word_1_132' title='bbox 883 1994 1148 2073; x_wconf 83' lang='lat' dir='ltr'><strong>inquit‚eouvitia‘,</strong></span> <span class='ocrx_word' id='word_1_133' title='bbox 1161 1995 1246 2054; x_wconf 87' lang='lat' dir='ltr'><strong>fiunt.</strong></span> 
     </span>
    </p>

    <p class='ocr_par' dir='ltr' id='par_1_14' title="bbox 298 2091 1038 2170">
     <span class='ocr_line' id='line_1_19' title="bbox 298 2091 1038 2170; baseline -0.003 -20"><span class='ocrx_word' id='word_1_134' title='bbox 298 2097 335 2150; x_wconf 89' lang='lat' dir='ltr'><strong>V.</strong></span> <span class='ocrx_word' id='word_1_135' title='bbox 351 2093 398 2161; x_wconf 83' lang='grc'><strong>54.</strong></span> <span class='ocrx_word' id='word_1_136' title='bbox 415 2093 482 2151; x_wconf 86' lang='lat' dir='ltr'><strong>Sine</strong></span> <span class='ocrx_word' id='word_1_137' title='bbox 495 2097 613 2150; x_wconf 68' lang='lat' dir='ltr'><strong>vumere</strong></span> <span class='ocrx_word' id='word_1_138' title='bbox 627 2096 737 2162; x_wconf 73' lang='lat' dir='ltr'><strong>meite]</strong></span> <span class='ocrx_word' id='word_1_139' title='bbox 752 2091 818 2149; x_wconf 90' lang='lat' dir='ltr'><strong>Sine</strong></span> <span class='ocrx_word' id='word_1_140' title='bbox 831 2092 938 2169; x_wconf 81' lang='lat' dir='ltr'><strong>pugnis</strong></span> <span class='ocrx_word' id='word_1_141' title='bbox 949 2109 1038 2170; x_wconf 82' lang='lat' dir='ltr'><strong>genae.</strong></span> 
     </span>
    </p>

    <p class='ocr_par' dir='ltr' id='par_1_15' title="bbox 297 2173 1053 2261">
     <span class='ocr_line' id='line_1_20' title="bbox 297 2173 1053 2261; baseline -0.001 -16"><span class='ocrx_word' id='word_1_142' title='bbox 297 2192 335 2245; x_wconf 83' lang='lat' dir='ltr'><strong>V.</strong></span> <span class='ocrx_word' id='word_1_143' title='bbox 349 2187 395 2246; x_wconf 82' lang='lat'><strong>55.</strong></span> <span class='ocrx_word' id='word_1_144' title='bbox 409 2191 453 2246; x_wconf 84' lang='lat' dir='ltr'><strong>Ac</strong></span> <span class='ocrx_word' id='word_1_145' title='bbox 467 2191 541 2246; x_wconf 85' lang='lat' dir='ltr'><strong>nulli</strong></span> <span class='ocrx_word' id='word_1_146' title='bbox 554 2201 612 2245; x_wconf 84' lang='lat' dir='ltr'><strong>toto</strong></span> <span class='ocrx_word' id='word_1_147' title='bbox 626 2210 650 2244; x_wconf 90' lang='lat' dir='ltr'><strong>c.</strong></span> <span class='ocrx_word' id='word_1_148' title='bbox 663 2192 772 2257; x_wconf 72' lang='lat' dir='ltr'><strong>nasus]</strong></span> <span class='ocrx_word' id='word_1_149' title='bbox 787 2173 985 2261; x_wconf 73' lang='lat' dir='ltr'><strong>subauditur,</strong></span> <span class='ocrx_word' id='word_1_150' title='bbox 1001 2199 1053 2244; x_wconf 89' lang='lat' dir='ltr'><strong>est.</strong></span> 
     </span>
    </p>

    <p class='ocr_par' dir='ltr' id='par_1_16' title="bbox 262 2284 1269 2553">
     <span class='ocr_line' id='line_1_21' title="bbox 299 2284 939 2362; baseline -0.002 -22"><span class='ocrx_word' id='word_1_151' title='bbox 299 2289 335 2340; x_wconf 93' lang='lat' dir='ltr'><strong>V.</strong></span> <span class='ocrx_word' id='word_1_152' title='bbox 355 2284 403 2356; x_wconf 89' lang='grc'><strong>57.</strong></span> <span class='ocrx_word' id='word_1_153' title='bbox 417 2287 501 2342; x_wconf 84' lang='lat' dir='ltr'><strong>Alias</strong></span> <span class='ocrx_word' id='word_1_154' title='bbox 508 2284 627 2362; x_wconf 73' lang='lat' dir='ltr'><strong>socies]</strong></span> <span class='ocrx_word' id='word_1_155' title='bbox 641 2289 767 2342; x_wconf 76' lang='lat' dir='ltr'><strong>Mutatus</strong></span> <span class='ocrx_word' id='word_1_156' title='bbox 778 2303 814 2340; x_wconf 83' lang='lat' dir='ltr'><strong>ex</strong></span> <span class='ocrx_word' id='word_1_157' title='bbox 827 2302 939 2341; x_wconf 89' lang='lat' dir='ltr'><strong>cruore.</strong></span> 
     </span>
     <span class='ocr_line' id='line_1_22' title="bbox 275 2365 1269 2460; baseline 0.003 -23"><span class='ocrx_word' id='word_1_158' title='bbox 275 2385 280 2395; x_wconf 85' lang='lat'>&#39;</span> <span class='ocrx_word' id='word_1_159' title='bbox 295 2385 332 2437; x_wconf 91' lang='lat' dir='ltr'><strong>V.</strong></span> <span class='ocrx_word' id='word_1_160' title='bbox 347 2380 395 2456; x_wconf 83' lang='grc'><strong>59.</strong></span> <span class='ocrx_word' id='word_1_161' title='bbox 413 2383 527 2437; x_wconf 82' lang='lat' dir='ltr'><strong>Ludere</strong></span> <span class='ocrx_word' id='word_1_162' title='bbox 541 2400 573 2437; x_wconf 82' lang='lat' dir='ltr'><strong>se</strong></span> <span class='ocrx_word' id='word_1_163' title='bbox 590 2382 730 2450; x_wconf 74' lang='lat' dir='ltr'><strong>credunt]</strong></span> <span class='ocrx_word' id='word_1_164' title='bbox 745 2381 820 2437; x_wconf 86' lang='lat' dir='ltr'><strong>Ciim</strong></span> <span class='ocrx_word' id='word_1_165' title='bbox 837 2379 934 2438; x_wconf 79' lang='lat' dir='ltr'><strong>adhuc</strong></span> <span class='ocrx_word' id='word_1_166' title='bbox 950 2371 1085 2438; x_wconf 84' lang='lat' dir='ltr'><strong>manibus</strong></span> <span class='ocrx_word' id='word_1_167' title='bbox 1099 2365 1143 2439; x_wconf 79' lang='lat' dir='ltr'><strong>res</strong></span> <span class='ocrx_word' id='word_1_168' title='bbox 1157 2382 1269 2460; x_wconf 82' lang='lat' dir='ltr'><strong>agitur,</strong></span> 
     </span>
     <span class='ocr_line' id='line_1_23' title="bbox 262 2475 487 2553; baseline -0.009 -20"><span class='ocrx_word' id='word_1_169' title='bbox 262 2475 360 2533; x_wconf 86' lang='lat' dir='ltr'><strong>lusum</strong></span> <span class='ocrx_word' id='word_1_170' title='bbox 376 2488 487 2553; x_wconf 82' lang='lat' dir='ltr'><strong>putant.</strong></span> 
     </span>
    </p>

    <p class='ocr_par' dir='ltr' id='par_1_17' title="bbox 301 2571 991 2642">
     <span class='ocr_line' id='line_1_24' title="bbox 301 2571 991 2642; baseline 0 -14"><span class='ocrx_word' id='word_1_171' title='bbox 301 2575 338 2628; x_wconf 94' lang='lat' dir='ltr'><strong>V.</strong></span> <span class='ocrx_word' id='word_1_172' title='bbox 355 2572 403 2628; x_wconf 87' lang='lat'><strong>60.</strong></span> <span class='ocrx_word' id='word_1_173' title='bbox 425 2572 512 2642; x_wconf 77' lang='lat' dir='ltr'><strong>Quod</strong></span> <span class='ocrx_word' id='word_1_174' title='bbox 521 2571 601 2625; x_wconf 82' lang='lat' dir='ltr'><strong>nullo</strong></span> <span class='ocrx_word' id='word_1_175' title='bbox 616 2572 781 2641; x_wconf 60' lang='lat' dir='ltr'><strong>cadavera]</strong></span> <span class='ocrx_word' id='word_1_176' title='bbox 795 2575 991 2628; x_wconf 86' lang='lat' dir='ltr'><strong>Mortuorum.</strong></span> 
     </span>
    </p>

    <p class='ocr_par' dir='ltr' id='par_1_18' title="bbox 263 2667 1268 2840">
     <span class='ocr_line' id='line_1_25' title="bbox 301 2667 1268 2737; baseline 0.005 -15"><span class='ocrx_word' id='word_1_177' title='bbox 301 2669 338 2722; x_wconf 89' lang='lat' dir='ltr'><strong>V.</strong></span> <span class='ocrx_word' id='word_1_178' title='bbox 354 2668 401 2722; x_wconf 88' lang='lat'><strong>61.</strong></span> <span class='ocrx_word' id='word_1_179' title='bbox 417 2667 551 2721; x_wconf 77' lang='lat' dir='ltr'><strong>Rixantis</strong></span> <span class='ocrx_word' id='word_1_180' title='bbox 568 2668 661 2722; x_wconf 85' lang='lat' dir='ltr'><strong>millia</strong></span> <span class='ocrx_word' id='word_1_181' title='bbox 680 2667 792 2737; x_wconf 84' lang='lat' dir='ltr'><strong>turboe.]</strong></span> <span class='ocrx_word' id='word_1_182' title='bbox 810 2671 886 2725; x_wconf 88' lang='lat' dir='ltr'><strong>Bene</strong></span> <span class='ocrx_word' id='word_1_183' title='bbox 903 2667 1014 2725; x_wconf 86' lang='lat' dir='ltr'><strong>scilicet</strong></span> <span class='ocrx_word' id='word_1_184' title='bbox 1032 2669 1155 2726; x_wconf 86' lang='lat' dir='ltr'><strong>eredunt</strong></span> <span class='ocrx_word' id='word_1_185' title='bbox 1170 2691 1201 2727; x_wconf 89' lang='lat' dir='ltr'><strong>se</strong></span> <span class='ocrx_word' id='word_1_186' title='bbox 1216 2670 1268 2727; x_wconf 50' lang='lat' dir='ltr'><strong>lus</strong></span> 
     </span>
     <span class='ocr_line' id='line_1_26' title="bbox 263 2760 966 2840; baseline 0.001 -21"><span class='ocrx_word' id='word_1_187' title='bbox 263 2763 349 2831; x_wconf 81' lang='lat' dir='ltr'><strong>(lere,</strong></span> <span class='ocrx_word' id='word_1_188' title='bbox 363 2760 416 2818; x_wconf 91' lang='lat' dir='ltr'><strong>ubi</strong></span> <span class='ocrx_word' id='word_1_189' title='bbox 429 2773 473 2818; x_wconf 92' lang='lat' dir='ltr'><strong>tot</strong></span> <span class='ocrx_word' id='word_1_190' title='bbox 487 2762 648 2819; x_wconf 79' lang='lat' dir='ltr'><strong>rixantibus</strong></span> <span class='ocrx_word' id='word_1_191' title='bbox 660 2762 762 2819; x_wconf 87' lang='lat' dir='ltr'><strong>nullus</strong></span> <span class='ocrx_word' id='word_1_192' title='bbox 774 2765 906 2821; x_wconf 87' lang='lat' dir='ltr'><strong>moritur.</strong></span> <span class='ocrx_word' id='word_1_193' title='bbox 964 2835 966 2840; x_wconf 14' lang='grc' dir='ltr'><strong><em>Α</em></strong></span> 
     </span>
    </p>

    <p class='ocr_par' dir='ltr' id='par_1_19' title="bbox 264 2851 1268 3026">
     <span class='ocr_line' id='line_1_27' title="bbox 302 2851 1268 2938; baseline 0.005 -24"><span class='ocrx_word' id='word_1_194' title='bbox 302 2860 339 2914; x_wconf 91' lang='lat' dir='ltr'><strong>V.</strong></span> <span class='ocrx_word' id='word_1_195' title='bbox 355 2857 403 2924; x_wconf 90' lang='grc'><strong>64.</strong></span> <span class='ocrx_word' id='word_1_196' title='bbox 419 2861 584 2916; x_wconf 82' lang='lat' dir='ltr'><strong>Domestica</strong></span> <span class='ocrx_word' id='word_1_197' title='bbox 597 2859 736 2915; x_wconf 81' lang='lat' dir='ltr'><strong>seditione</strong></span> <span class='ocrx_word' id='word_1_198' title='bbox 750 2863 827 2930; x_wconf 71' lang='lat' dir='ltr'><strong>telo]</strong></span> <span class='ocrx_word' id='word_1_199' title='bbox 843 2855 1042 2938; x_wconf 73' lang='lat' dir='ltr'><strong>Coinpetentia</strong></span> <span class='ocrx_word' id='word_1_200' title='bbox 1055 2851 1142 2919; x_wconf 80' lang='lat' dir='ltr'><strong>vicini</strong></span> <span class='ocrx_word' id='word_1_201' title='bbox 1154 2863 1268 2919; x_wconf 84' lang='lat' dir='ltr'><strong>furori:</strong></span> 
     </span>
     <span class='ocr_line' id='line_1_28' title="bbox 264 2951 1119 3026; baseline 0.002 -14"><span class='ocrx_word' id='word_1_202' title='bbox 264 2951 346 3012; x_wconf 82' lang='lat' dir='ltr'><strong>nullu</strong></span> <span class='ocrx_word' id='word_1_203' title='bbox 356 2970 424 3011; x_wconf 79' lang='lat' dir='ltr'><strong>nem</strong></span> <span class='ocrx_word' id='word_1_204' title='bbox 438 2955 478 3012; x_wconf 89' lang='lat' dir='ltr'><strong>sic</strong></span> <span class='ocrx_word' id='word_1_205' title='bbox 494 2967 562 3012; x_wconf 87' lang='lat' dir='ltr'><strong>sunt</strong></span> <span class='ocrx_word' id='word_1_206' title='bbox 575 2953 732 3012; x_wconf 82' lang='lat' dir='ltr'><strong>domestica</strong></span> <span class='ocrx_word' id='word_1_207' title='bbox 743 2955 902 3012; x_wconf 82' lang='lat' dir='ltr'><strong>rixantibus</strong></span> <span class='ocrx_word' id='word_1_208' title='bbox 914 2955 987 3026; x_wconf 86' lang='lat' dir='ltr'><strong>tela,</strong></span> <span class='ocrx_word' id='word_1_209' title='bbox 1000 2968 1034 3013; x_wconf 89' lang='lat' dir='ltr'><strong>ut</strong></span> <span class='ocrx_word' id='word_1_210' title='bbox 1046 2976 1119 3014; x_wconf 82' lang='lat' dir='ltr'><strong>saxo.</strong></span> 
     </span>
    </p>

    <p class='ocr_par' dir='ltr' id='par_1_20' title="bbox 261 3050 1270 3226">
     <span class='ocr_line' id='line_1_29' title="bbox 302 3050 1270 3133; baseline 0.007 -27"><span class='ocrx_word' id='word_1_211' title='bbox 302 3054 340 3106; x_wconf 87' lang='lat' dir='ltr'><strong>V.</strong></span> <span class='ocrx_word' id='word_1_212' title='bbox 354 3050 404 3107; x_wconf 83' lang='lat'><strong>65.</strong></span> <span class='ocrx_word' id='word_1_213' title='bbox 422 3055 483 3108; x_wconf 82' lang='lat' dir='ltr'><strong>Nec</strong></span> <span class='ocrx_word' id='word_1_214' title='bbox 497 3053 572 3108; x_wconf 76' lang='lat' dir='ltr'><strong>nunc</strong></span> <span class='ocrx_word' id='word_1_215' title='bbox 583 3051 626 3129; x_wconf 89' lang='grc'><strong>(5)</strong></span> <span class='ocrx_word' id='word_1_216' title='bbox 642 3051 840 3126; x_wconf 67' lang='lat' dir='ltr'><strong>lapidem.],1d</strong></span> <span class='ocrx_word' id='word_1_217' title='bbox 856 3063 914 3123; x_wconf 88' lang='lat' dir='ltr'><strong>est,</strong></span> <span class='ocrx_word' id='word_1_218' title='bbox 929 3070 989 3110; x_wconf 90' lang='lat' dir='ltr'><strong>non</strong></span> <span class='ocrx_word' id='word_1_219' title='bbox 1008 3065 1067 3111; x_wconf 80' lang='lat' dir='ltr'><strong>tam</strong></span> <span class='ocrx_word' id='word_1_220' title='bbox 1083 3067 1185 3133; x_wconf 81' lang='lat' dir='ltr'><strong>magna</strong></span> <span class='ocrx_word' id='word_1_221' title='bbox 1201 3067 1270 3113; x_wconf 83' lang='lat' dir='ltr'><strong>saxa</strong></span> 
     </span>
     <span class='ocr_line' id='line_1_30' title="bbox 261 3148 635 3226; baseline -0.003 -22"><span class='ocrx_word' id='word_1_222' title='bbox 261 3149 389 3226; x_wconf 80' lang='lat' dir='ltr'><strong>jactant,</strong></span> <span class='ocrx_word' id='word_1_223' title='bbox 404 3148 501 3225; x_wconf 78' lang='lat' dir='ltr'><strong>qualia</strong></span> <span class='ocrx_word' id='word_1_224' title='bbox 513 3149 635 3225; x_wconf 85' lang='lat' dir='ltr'><strong>antiqui.</strong></span> 
     </span>
    </p>

    <p class='ocr_par' dir='ltr' id='par_1_21' title="bbox 304 3245 1018 3321">
     <span class='ocr_line' id='line_1_31' title="bbox 304 3245 1018 3321; baseline 0.003 -22"><span class='ocrx_word' id='word_1_225' title='bbox 304 3247 339 3299; x_wconf 90' lang='lat' dir='ltr'><strong>V.</strong></span> <span class='ocrx_word' id='word_1_226' title='bbox 355 3262 403 3316; x_wconf 80' lang='lat'><strong>7²·</strong></span> <span class='ocrx_word' id='word_1_227' title='bbox 417 3247 445 3298; x_wconf 85' lang='lat' dir='ltr'><em>A</em></span> <span class='ocrx_word' id='word_1_228' title='bbox 458 3245 629 3300; x_wconf 82' lang='lat' dir='ltr'><strong>deverticulo</strong></span> <span class='ocrx_word' id='word_1_229' title='bbox 640 3247 712 3318; x_wconf 55' lang='grc' dir='ltr'><strong>πμ]</strong></span> <span class='ocrx_word' id='word_1_230' title='bbox 726 3248 848 3321; x_wconf 85' lang='lat' dir='ltr'><strong>Propter</strong></span> <span class='ocrx_word' id='word_1_231' title='bbox 860 3259 1018 3303; x_wconf 85' lang='lat' dir='ltr'><strong>excessum.</strong></span> 
     </span>
    </p>
   </div>
   <div class='ocr_carea' id='block_1_3' title="bbox 259 3334 1273 3876">
    <p class='ocr_par' dir='ltr' id='par_1_22' title="bbox 259 3334 1273 3876">
     <span class='ocr_line' id='line_1_32' title="bbox 260 3334 1248 3423; baseline 0.01 -30"><span class='ocrx_word' id='word_1_232' title='bbox 260 3351 262 3356; x_wconf 84' lang='lat'>&#39;</span> <span class='ocrx_word' id='word_1_233' title='bbox 278 3334 280 3342; x_wconf 51' lang='lat'><strong><em>⁴</em></strong></span> <span class='ocrx_word' id='word_1_234' title='bbox 303 3342 340 3395; x_wconf 88' lang='lat' dir='ltr'><strong>V.</strong></span> <span class='ocrx_word' id='word_1_235' title='bbox 356 3348 403 3409; x_wconf 89' lang='grc'><strong>74.</strong></span> <span class='ocrx_word' id='word_1_236' title='bbox 416 3342 549 3414; x_wconf 78' lang='lat' dir='ltr'><strong>Pugnant</strong></span> <span class='ocrx_word' id='word_1_237' title='bbox 561 3342 722 3397; x_wconf 75' lang='lat' dir='ltr'><strong>instatuare</strong></span> <span class='ocrx_word' id='word_1_238' title='bbox 732 3343 860 3416; x_wconf 70' lang='lat' dir='ltr'><strong>sagittis]</strong></span> <span class='ocrx_word' id='word_1_239' title='bbox 875 3344 1059 3418; x_wconf 79' lang='lat' dir='ltr'><strong>Commoveri</strong></span> <span class='ocrx_word' id='word_1_240' title='bbox 1070 3356 1099 3400; x_wconf 91' lang='lat' dir='ltr'><strong>et</strong></span> <span class='ocrx_word' id='word_1_241' title='bbox 1110 3364 1126 3402; x_wconf 84' lang='lat' dir='ltr'>a</span> <span class='ocrx_word' id='word_1_242' title='bbox 1137 3345 1248 3423; x_wconf 66' lang='lat' dir='ltr'><strong>sagitta.</strong></span> 
     </span>
     <span class='ocr_line' id='line_1_33' title="bbox 303 3431 998 3515; baseline 0.007 -23"><span class='ocrx_word' id='word_1_243' title='bbox 303 3438 340 3492; x_wconf 89' lang='lat' dir='ltr'><strong>V.</strong></span> <span class='ocrx_word' id='word_1_244' title='bbox 358 3455 404 3506; x_wconf 88' lang='lat'><strong>77.</strong></span> <span class='ocrx_word' id='word_1_245' title='bbox 419 3438 541 3492; x_wconf 82' lang='lat' dir='ltr'><strong>Labitur</strong></span> <span class='ocrx_word' id='word_1_246' title='bbox 552 3437 619 3492; x_wconf 75' lang='lat' dir='ltr'><strong>irinc</strong></span> <span class='ocrx_word' id='word_1_247' title='bbox 633 3443 674 3512; x_wconf 82' lang='lat' dir='ltr'><strong>q.]</strong></span> <span class='ocrx_word' id='word_1_248' title='bbox 687 3437 771 3494; x_wconf 79' lang='lat' dir='ltr'><strong>Cadit</strong></span> <span class='ocrx_word' id='word_1_249' title='bbox 782 3439 907 3515; x_wconf 83' lang='lat' dir='ltr'><strong>fugiens.¹</strong></span> <span class='ocrx_word' id='word_1_250' title='bbox 994 3431 998 3436; x_wconf 45' lang='lat'><strong>⁴</strong></span> 
     </span>
     <span class='ocr_line' id='line_1_34' title="bbox 304 3535 1235 3616; baseline 0.009 -29"><span class='ocrx_word' id='word_1_251' title='bbox 304 3535 340 3588; x_wconf 89' lang='lat' dir='ltr'><strong>V.</strong></span> <span class='ocrx_word' id='word_1_252' title='bbox 358 3536 522 3606; x_wconf 80' lang='lat' dir='ltr'><strong>79..Frusta</strong></span> <span class='ocrx_word' id='word_1_253' title='bbox 533 3545 565 3590; x_wconf 83' lang='lat' dir='ltr'><strong>et</strong></span> <span class='ocrx_word' id='word_1_254' title='bbox 569 3535 751 3607; x_wconf 72' lang='lat' dir='ltr'><strong>particulos]</strong></span> <span class='ocrx_word' id='word_1_255' title='bbox 766 3535 863 3592; x_wconf 86' lang='lat' dir='ltr'><strong>Cruda</strong></span> <span class='ocrx_word' id='word_1_256' title='bbox 873 3536 1003 3593; x_wconf 83' lang='lat' dir='ltr'><strong>membra</strong></span> <span class='ocrx_word' id='word_1_257' title='bbox 1013 3535 1139 3595; x_wconf 87' lang='lat' dir='ltr'><strong>bominis</strong></span> <span class='ocrx_word' id='word_1_258' title='bbox 1149 3541 1235 3616; x_wconf 83' lang='lat' dir='ltr'><strong>capti.</strong></span> 
     </span>
     <span class='ocr_line' id='line_1_35' title="bbox 305 3627 1273 3701; baseline 0.012 -19"><span class='ocrx_word' id='word_1_259' title='bbox 305 3627 341 3682; x_wconf 85' lang='lat' dir='ltr'><strong>V.</strong></span> <span class='ocrx_word' id='word_1_260' title='bbox 357 3627 404 3682; x_wconf 81' lang='lat'><strong>81.</strong></span> <span class='ocrx_word' id='word_1_261' title='bbox 418 3630 480 3684; x_wconf 87' lang='lat' dir='ltr'><strong>Nec</strong></span> <span class='ocrx_word' id='word_1_262' title='bbox 494 3630 610 3684; x_wconf 86' lang='lat' dir='ltr'><strong>ardenti</strong></span> <span class='ocrx_word' id='word_1_263' title='bbox 624 3630 741 3684; x_wconf 79' lang='lat' dir='ltr'><strong>decoxit</strong></span> <span class='ocrx_word' id='word_1_264' title='bbox 755 3629 871 3700; x_wconf 77' lang='lat' dir='ltr'><strong>abeno]</strong></span> <span class='ocrx_word' id='word_1_265' title='bbox 885 3628 921 3687; x_wconf 90' lang='lat' dir='ltr'><strong>Id</strong></span> <span class='ocrx_word' id='word_1_266' title='bbox 939 3642 998 3701; x_wconf 90' lang='lat' dir='ltr'><strong>est,</strong></span> <span class='ocrx_word' id='word_1_267' title='bbox 1011 3643 1088 3689; x_wconf 80' lang='lat' dir='ltr'><strong>tanto</strong></span> <span class='ocrx_word' id='word_1_268' title='bbox 1105 3633 1214 3692; x_wconf 81' lang='lat' dir='ltr'><strong>insania</strong></span> <span class='ocrx_word' id='word_1_269' title='bbox 1227 3649 1273 3694; x_wconf 79' lang='lat' dir='ltr'><strong>est</strong></span> 
     </span>
     <span class='ocr_line' id='line_1_36' title="bbox 265 3719 1271 3807; baseline 0.008 -27"><span class='ocrx_word' id='word_1_270' title='bbox 265 3719 401 3790; x_wconf 87' lang='lat' dir='ltr'><strong>illorum,</strong></span> <span class='ocrx_word' id='word_1_271' title='bbox 413 3732 447 3777; x_wconf 89' lang='lat' dir='ltr'><strong>ut</strong></span> <span class='ocrx_word' id='word_1_272' title='bbox 458 3741 511 3778; x_wconf 88' lang='lat' dir='ltr'><strong>nec</strong></span> <span class='ocrx_word' id='word_1_273' title='bbox 523 3723 553 3779; x_wconf 89' lang='lat' dir='ltr'><strong>in</strong></span> <span class='ocrx_word' id='word_1_274' title='bbox 563 3723 693 3780; x_wconf 84' lang='lat' dir='ltr'><strong>caccabis</strong></span> <span class='ocrx_word' id='word_1_275' title='bbox 704 3733 802 3794; x_wconf 78' lang='lat' dir='ltr'><strong>coctu,</strong></span> <span class='ocrx_word' id='word_1_276' title='bbox 813 3744 866 3783; x_wconf 88' lang='lat' dir='ltr'><strong>nec</strong></span> <span class='ocrx_word' id='word_1_277' title='bbox 879 3726 910 3784; x_wconf 90' lang='lat' dir='ltr'><strong>in</strong></span> <span class='ocrx_word' id='word_1_278' title='bbox 920 3723 1047 3785; x_wconf 83' lang='lat' dir='ltr'><strong>verubus</strong></span> <span class='ocrx_word' id='word_1_279' title='bbox 1059 3727 1114 3784; x_wconf 84' lang='lat' dir='ltr'><strong>fixa</strong></span> <span class='ocrx_word' id='word_1_280' title='bbox 1123 3743 1251 3807; x_wconf 82' lang='lat' dir='ltr'><strong>coquant</strong></span> <span class='ocrx_word' id='word_1_281' title='bbox 1263 3755 1271 3788; x_wconf 71' lang='grc' dir='ltr'>ε</span> 
     </span>
     <span class='ocr_line' id='line_1_37' title="bbox 259 3816 1157 3876; baseline 0.002 0"><span class='ocrx_word' id='word_1_282' title='bbox 259 3816 423 3876; x_wconf 68' lang='grc' dir='ltr'><strong>-κά·ὀνὴάει</strong></span> <span class='ocrx_word' id='word_1_283' title='bbox 436 3827 616 3875; x_wconf 84' lang='lat' dir='ltr'><strong>consumant.</strong></span> <span class='ocrx_word' id='word_1_284' title='bbox 1156 3828 1157 3832; x_wconf 77' lang='grc'>’</span> 
     </span>
    </p>
   </div>
   <div class='ocr_carea' id='block_1_4' title="bbox 306 3893 1274 4000">
    <p class='ocr_par' dir='ltr' id='par_1_23' title="bbox 306 3893 1274 4000">
     <span class='ocr_line' id='line_1_38' title="bbox 306 3893 1274 4000; baseline 0.01 -30"><span class='ocrx_word' id='word_1_285' title='bbox 306 3918 342 3970; x_wconf 85' lang='lat' dir='ltr'><strong>V.</strong></span> <span class='ocrx_word' id='word_1_286' title='bbox 358 3915 405 3982; x_wconf 88' lang='grc'><strong>84.</strong></span> <span class='ocrx_word' id='word_1_287' title='bbox 428 3917 481 3972; x_wconf 82' lang='lat' dir='ltr'><strong>Hic</strong></span> <span class='ocrx_word' id='word_1_288' title='bbox 497 3915 625 3989; x_wconf 76' lang='lat' dir='ltr'><strong>gaudere</strong></span> <span class='ocrx_word' id='word_1_289' title='bbox 643 3893 727 3994; x_wconf 79' lang='lat' dir='ltr'><strong>libet,</strong></span> <span class='ocrx_word' id='word_1_290' title='bbox 743 3918 843 3994; x_wconf 70' lang='lat' dir='ltr'><strong>quiri]</strong></span> <span class='ocrx_word' id='word_1_291' title='bbox 863 3917 898 3976; x_wconf 86' lang='lat' dir='ltr'><strong>Id</strong></span> <span class='ocrx_word' id='word_1_292' title='bbox 917 3921 977 3993; x_wconf 85' lang='lat' dir='ltr'><strong>est‚&#39;</strong></span> <span class='ocrx_word' id='word_1_293' title='bbox 991 3914 1141 3998; x_wconf 64' lang='lat' dir='ltr'><strong>prestitit5</strong></span> <span class='ocrx_word' id='word_1_294' title='bbox 1156 3922 1274 4000; x_wconf 73' lang='lat' dir='ltr'><strong>inquit,</strong></span> 
     </span>
    </p>
   </div>
   <div class='ocr_carea' id='block_1_5' title="bbox 0 0 1438 4658">
    <p class='ocr_par' dir='ltr' id='par_1_24' title="bbox 0 0 1438 4658">
     <span class='ocr_line' id='line_1_39' title="bbox 0 0 1438 4658; baseline 0 0"><span class='ocrx_word' id='word_1_295' title='bbox 0 0 1438 4658; x_wconf 95' lang='lat' dir='ltr'><strong> </strong></span> 
     </span>
    </p>
   </div>
  </div>
 </body>
</html>
