2930 4660
297 355 361 433 7164
495 351 551 420 ll.
573 355 641 419 ΕΤ
665 355 703 420 C.
728 355 1103 422 VALESIORUM'

187 573 190 580 Δ
293 480 341 538 Sic
351 477 504 550 Pithoeus,
517 479 662 558 Rigaltius
675 493 704 538 et
713 481 949 566 Raphelengius:
961 499 1028 558 quae
1044 499 1099 558 ego
1112 478 1152 537 ito·
1163 477 1305 537 emendo:

467 629 599 644 ......
606 631 625 645 -.
694 629 701 644 .
720 630 727 644 .
746 631 752 644 .
822 631 829 644 .
846 631 853 644 .
871 607 1095 646 ettameuoumes

469 627 597 725 Subsident
607 691 711 742 peuuoe,
724 687 769 725 ete.
783 679 845 744 (seu
852 679 949 745 penes).

292 779 357 838 Hoc
370 790 431 850 est,
444 777 516 836 licet
532 781 580 841 lui
601 779 643 832 καὶ
663 781 726 850 ψυχὴ
745 779 916 837 mollissime
929 753 1027 849 dicas,
1042 776 1060 835 ὁ
1073 775 1188 848 vetula,
1202 738 1303 846 tanuen
1411 800 1416 815 ·

291 883 418 953 superte
429 893 531 933 ornnes
543 895 633 954 penes
643 875 801 955 jacebunt,
816 875 885 952 quia
902 874 994 930 facies
1002 885 1052 930 tua
1065 892 1157 931 annos
1170 892 1255 943 tuos,
1269 894 1305 931 ac

279 970 405 1044 'senium
418 982 505 1030 tuum
520 971 645 1043 indicat,
659 983 689 1029 et
701 991 882 1051 quemquam
895 981 973 1028 vetat
985 969 1023 1066 ad
1037 979 1066 1026 te
1079 970 1213 1047 arrigere.
1234 972 1271 1028 Η.

233 1147 236 1154 ’
288 1141 319 1185 v.
339 1119 415 1186 255.
441 1121 545 1205 Quale
562 1120 679 1200 decus,
693 1143 803 1185 rerum
817 1122 844 1184 si
856 1120 1002 1208 conjugis
1017 1119 1124 1182 auctio
1138 1117 1211 1200 fiat,
1295 1197 1302 1208 ·

442 1221 569 1286 Balteus
581 1237 615 1291 et
627 1222 777 1304 manicae,
789 1236 822 1284 et
837 1220 960 1301 cristae,
973 1219 1140 1306 crurisque
1154 1220 1275 1283 sinistri

440 1318 623 1383 Dimidium
640 1318 804 1408 tegmem]

327 1459 371 1515 lta
384 1456 581 1536 interpungo,
595 1470 625 1516 et
637 1457 754 1534 Lipsius
768 1457 808 1514 ite
821 1455 909 1534 legit,
924 1456 954 1514 id
968 1469 1030 1527 est,
1045 1457 1133 1534 quale
1153 1456 1260 1527 decus,
1275 1457 1301 1516 si

287 1551 385 1610 auctio
398 1553 449 1610 liat
461 1573 561 1611 rerum
572 1553 705 1632 conjugis
719 1564 777 1610 tuae
789 1553 929 1622 viventis,
942 1552 1046 1630 quale,
1061 1554 1198 1630 inquam,
1211 1553 1301 1612 decus

279 1649 351 1725 ejus
371 1647 560 1726 supellectilis
582 1659 669 1706 erunt
690 1647 822 1718 balteus,
842 1647 979 1719 manicae,
998 1649 1108 1718 cristae,
1131 1648 1300 1720 femoralia,

278 1762 353 1822 quae
362 1743 497 1822 supellex
507 1744 618 1802 scilicet
630 1743 754 1822 alicujus
763 1735 872 1802 militis
881 1755 932 1800 aut
942 1742 1111 1822 gladiatoris
1124 1763 1185 1804 esse
1195 1744 1299 1817 debet,

285 1859 347 1899 nou
360 1841 496 1899 feminae?

461 1991 468 2006 .
487 1955 498 2005 .’
514 1991 727 2007 .........
721 1933 815 2006 vel'
796 1973 818 2005 ιι
830 1955 928 2006 diversa
939 1955 1051 2005 movebit

460 2036 560 2096 Praelia,
776 2109 780 2119 Ι

283 2137 316 2196 id
329 2150 388 2210 est,
399 2139 448 2198 vel
461 2140 485 2197 si
501 2139 589 2197 aliam
604 2149 781 2198 armaturam
795 2138 904 2217 eligat:
918 2158 987 2197 nam
1001 2138 1073 2198 rarii
1085 2151 1167 2198 erant
1180 2139 1298 2199 ordines

284 2247 315 2294 et
327 2236 446 2295 nomina
462 2247 492 2293 et
506 2248 661 2294 armaturea
673 2235 878 2315 gladiatorum.

459 2386 617 2405 .......
633 2353 673 2401 Tu
684 2351 747 2400 felix
757 2367 842 2400 ocreas
851 2348 976 2400 vendente
980 2348 1076 2416 paelici.

250 2531 253 2536 Ι
284 2457 312 2514 0
324 2455 506 2515 fortunatum
520 2461 566 2525 te,
581 2455 666 2534 cujus
679 2472 862 2512 uxorocreas
872 2455 1065 2513 suessendit!
1078 2456 1125 2514 Sic
1137 2449 1167 2514 et
1178 2468 1233 2514 sat.
1245 2441 1300 2514 II'u

350 2607 352 2614 .
460 2572 556 2620 Notum
570 2580 623 2628 est,
635 2585 682 2618 eur
694 2571 748 2618 solo
757 2568 857 2618 'tabulas
870 2569 1013 2636 implereris
1026 2572 1110 2622 Hister

459 2649 575 2708 liberto,
587 2649 684 2712 dederit
694 2650 768 2698 vivus
781 2665 827 2697 cur
839 2649 915 2697 multa
924 2651 1033 2714 puelle,

280 2751 314 2813 id
330 2764 392 2825 est,
405 2752 492 2811 uxori
504 2771 574 2810 suas.
594 2753 633 2808 11.

266 2925 313 2970 .v.
333 2901 409 2990 259.
429 2901 489 2966 Hoe
500 2917 596 2982 sunt,
612 2923 683 2988 quae
701 2902 791 2966 tenui
808 2901 926 2966 sudant
942 2902 977 2966 in
993 2901 1140 2990 cyclade,
1153 2917 1212 2967 etc.
1223 2903 1235 2991 ]
1246 2875 1266 2930 ’Ἰ

320 3044 413 3110 Bene,
423 3039 454 3097 id
467 3048 526 3097 ests
540 3039 585 3096 hae
599 3037 689 3096 ludiae
702 3049 731 3096 et
745 3037 944 3118 gladiatrices,
957 3061 1023 3118 quae
1034 3040 1167 3098 virilibus
1181 3003 1300 3120 exemi?

198 3210 203 3219 1
280 3135 440 3195 tatiouibus
461 3134 609 3212 gaudent,
630 3133 765 3203 eaedem,
781 3135 923 3211 inquam,
945 3145 1064 3193 tenuem
1088 3131 1237 3213 cycladem
1262 3119 1295 3194 et*

278 3246 388 3294 vestem
398 3237 488 3292 Coam
498 3250 531 3287 ac
538 3228 762 3306 Bombyciusm,
774 3230 856 3307 quod
867 3231 994 3302 mireris,
1004 3233 1078 3290 serre
1087 3252 1148 3290 non
1157 3217 1298 3311 possunt?

278 3333 331 3392 Hoe
351 3331 421 3408 ipsae
438 3339 522 3398 sunt,
538 3343 621 3404 quae,
637 3337 694 3383 etc.
714 3326 761 3386 Sic
781 3324 937 3398 Pithoeus,
954 3340 984 3385 et
1003 3327 1163 3406 Rigaltius:
1179 3341 1209 3388 at
1230 3333 1294 3386 Ra³

171 3473 173 3484 ι
276 3425 466 3505 phelengius,

454 3526 513 3585 Hae
525 3546 587 3585 suut
595 3550 672 3600 ,quse
687 3535 758 3584 tenui
771 3536 884 3584 sudaut'
877 3553 905 3584 ιιι
919 3537 1041 3603 Cyclada,

278 3644 354 3706 male
370 3641 501 3701 omnino.
522 3641 560 3697 Η.

277 3815 310 3859 v.
277 3791 405 3868 va64.
423 3787 465 3852 Et
476 3786 564 3868 ride,
578 3782 690 3874 positis
702 3786 862 3874 scaphium
873 3789 948 3851 cum
962 3787 1103 3852 sumitur
1113 3789 1248 3878 armis]

304 3910 409 3992 'Vetus
427 3930 568 4010 interpres
587 3925 734 3988 luvenalis
754 3927 879 4006 explicat
898 3949 955 3992 ναι,
963 3934 1116 4006 potorium
1127 3943 1178 3990 aut
1190 3949 1286 4007 pocu-
