2922 4672
278 357 340 422 106
417 357 1127 443 DEIISQUIINJUVENALEM

274 491 319 538 est
333 480 453 540 innuere
469 483 606 542 Henninii
620 481 753 544 laborem
770 501 832 541 esse
853 481 981 542 nullum.
995 481 1032 540 ld
1048 482 1112 558 ipse
1127 479 1282 538 lectoriu-

275 575 408 654 telliget,
422 574 491 636 crim
510 577 639 638 tabulam
662 578 800 638 Henninii
820 578 944 638 editioni
964 577 1112 658 prufixm
1132 575 1281 636 retulerat

274 691 342 750 quse
354 675 433 734 eninr
447 676 478 734 in
493 695 528 734 ea
539 675 701 754 promittit,
713 675 812 734 omnia
825 675 964 752 persolvit
976 696 984 732 ι

317 771 721 849 1⁰Pm1egomena,quorum
733 772 825 830 sectio
841 774 866 828 1.
886 771 974 830 habet
989 771 1087 830 Vitam
1102 766 1251 828 luvenalis
1265 787 1284 826 a

274 866 416 926 Suetonio
426 868 562 946 scriptam
571 911 580 940 ,
590 888 660 928 cnm
670 867 748 926 notis
762 868 842 926 Petri
857 867 971 926 Pithoei
981 879 1011 924 et
1022 869 1112 924 Henr.
1123 865 1191 924 Chr.
1202 866 1284 922 Hen-

274 962 356 1020 ninii.
369 967 408 1020 11.
421 963 598 1023 Testimonia
605 967 744 1024 Veterum
757 976 787 1022 et
794 963 907 1042 judicia
917 963 1073 1024 doctorum
1084 961 1121 1022 de
1129 959 1281 1020 Juvenate.

273 1058 328 1114 111.
343 1058 456 1116 Nicolai
469 1059 587 1137 Rigaltii
599 1055 829 1130 dissertationem
844 1058 882 1118 de
895 1060 980 1118 satira
992 1057 1149 1117 luvenalis.
1165 1059 1216 1116 IV·
1232 1057 1281 1114 in-

274 1151 370 1210 dicem
381 1153 468 1212 codd.
481 1173 548 1214 mss.
558 1152 724 1226 luvenalis,
737 1154 901 1228 editionum
915 1164 973 1212 tam
982 1153 1180 1231 vulgatorum,
1192 1171 1282 1228 quam

274 1248 499 1328 promissarum
511 1250 696 1319 versionum,
712 1270 766 1308 nec
786 1270 846 1308 non
859 1249 1033 1310 variantium
1049 1249 1079 1306 in
1097 1247 1177 1306 hisce
1190 1244 1284 1304 satine

271 1343 443 1404 lectionum.
459 1347 487 1402 2⁰
500 1348 648 1403 Iuvenalis
660 1348 765 1402 Satz'roe
775 1349 867 1416 XVI,
880 1364 949 1402 cum
963 1343 1082 1402 scholiis
1094 1356 1240 1413 veterum,
1253 1355 1283 1400 et

273 1443 364 1500 lsanci
376 1443 511 1521 Grungtei
522 1442 754 1512 commentariis,
769 1443 857 1521 cujus
865 1454 897 1500 et
906 1459 1046 1520 synopses
1057 1439 1179 1518 singulis
1189 1441 1284 1498 satiris

271 1537 499 1616 premittuntus‘.
517 1539 545 1596 3⁰
557 1541 681 1596 loannis
693 1541 856 1596 Britannici
870 1538 997 1596 Brixianl
1015 1537 1233 1607 commentarii,
1251 1538 1283 1594 in

273 1633 383 1712 quihus
395 1645 503 1712 proeter
513 1634 644 1692 immixta
657 1633 751 1692 Coelii
765 1633 893 1692 Secundi
905 1634 1041 1694 Curionis
1055 1629 1182 1704 scholia,
1193 1632 1283 1692 etim

271 1729 459 1806 reperiuntur
468 1727 589 1788 meliora
597 1749 633 1788 ex
639 1729 759 1806 Georgii
767 1727 889 1787 Mernlae
898 1729 1128 1788 mutationibus
1136 1741 1282 1805 excerpu.

148 1863 151 1884 ,
189 1837 194 1846 ·
274 1828 304 1895 t·
317 1827 632 1884 emmeramum·
643 1815 853 1884 amanam.
868 1826 895 1884 5⁰
908 1827 1283 1886 rememscemts

272 1921 422 1980 lectiones.
440 1923 470 1980 6·
485 1925 604 1980 Nicolai
614 1924 733 1996 Βεζαθὰ·
746 1933 833 1980 notae.
848 1923 876 1994 7⁰
888 1923 1010 1982 Domini
1028 1923 1178 1982 Caldesini
1186 1925 1283 1984 vers-

272 2019 385 2088 nensis,
399 2018 544 2078 mercurii
557 2018 708 2097 apostolici
724 2018 949 2088 commentaria,
962 2016 999 2076 ah
1013 2020 1103 2077 Henr.
1119 2017 1188 2078 Chr.
1199 2021 1283 2078 Hest-

271 2116 354 2175 ssinio
373 2116 540 2195 recognita,
559 2117 590 2174 in
610 2114 724 2194 quibus
739 2135 800 2174 non
822 2112 919 2174 solum
940 2113 1041 2172 multas
1059 2127 1191 2173 veterm
1211 2135 1281 2184 mss.

271 2213 391 2292 glossae,
404 2213 456 2271 sed
469 2213 531 2272 sine
545 2212 672 2282 indicio,
685 2223 878 2290 comparent,
891 2229 995 2270 verum
1008 2211 1096 2270 etism
1109 2209 1231 2270 meliors
1245 2231 1283 2270 er

212 2335 215 2342 ·
272 2307 378 2387 sagoli
391 2303 490 2368 Sebini
501 2307 659 2368 turrensis.
665 2307 876 2387 questionibus
890 2305 1138 2386 superinvemle.
1152 2308 1181 2365 δ’
1194 2311 1283 2368 Notae

270 2409 385 2465 selectae
399 2425 435 2464 ex
451 2387 570 2483 (leorgii
581 2405 673 2464 Vsllae
690 2405 865 2474 Placentini,
879 2404 1001 2464 Antonii
1017 2403 1186 2464 Muciuslli
1198 2404 1284 2464 Veli-

272 2502 368 2574 terni,
388 2502 493 2560 Jodoci
519 2502 599 2560 Badii
625 2502 758 2560 Ascensii
782 2501 1018 2572 commentnsiie3
1040 2499 1179 2560 Hadriani
1201 2501 1283 2560 sunit

271 2596 407 2669 scholiis3
422 2597 552 2656 Eilhardi
568 2597 692 2667 Luhini,
708 2596 844 2663 Bermrdi
857 2598 1002 2656 Aummni
1015 2597 1184 2676 Nitiohn'gis
1196 2617 1283 2666 cars-
1356 2599 1365 2613 '

269 2692 517 2763 mentstionibns3
533 2703 565 2750 ct
583 2693 711 2770 denique
733 2693 854 2752 Thomas
874 2694 1008 2752 Farnnlrii
1027 2693 1283 2765 annotationibus,

271 2765 410 2868 selssnte
421 2801 452 2848 et
464 2789 655 2848 concinnante
668 2791 758 2848 Bene.
773 2789 841 2850 Chr.
854 2791 1012 2850 Henninio.
1026 2792 1056 2868 9'
1069 2793 1182 2866 Sylloge
1194 2803 1283 2847 nota-

269 2907 334 2944 rum
345 2888 495 2943 vanhmrs
505 2886 595 2944 Isarci
607 2885 718 2957 Vossii,
730 2887 844 2944 Octavii
856 2887 995 2958 Ferrarii,
1008 2887 1125 2946 Claudii
1134 2886 1282 2959 Salmasii,

270 2981 390 3040 Ioannis
399 2979 518 3061 (lorgii
529 2982 652 3053 Graevii,
667 3001 723 3064 nec
733 3001 793 3040 non
806 2984 890 3060 Casp.
903 2981 1011 3042 Barthii
1019 3026 1031 3056 ,.
1041 2984 1117 3040 Sam.
1131 2981 1282 3054 Bocharti,

269 3077 370 3157 Steph.
385 3077 525 3150 Claverii,
537 3078 614 3137 Lnd.
629 3078 788 3149 Docleans,
801 3081 862 3136 los.
882 3081 953 3136 Ant.
972 3069 1104 3138 Gonsalii
1122 3079 1159 3138 de
1181 3077 1282 3150 Salas,

269 3174 337 3234 Joh.
353 3175 438 3234 Fred.
454 3175 612 3246 Gronorii,
626 3173 740 3233 Nicolai
753 3175 881 3246 lleinsii,
896 3180 956 3234 Jac.
971 3177 1107 3248 Ouaelii,
1122 3176 1196 3236 Phil.
1214 3179 1284 3234 nu-

268 3270 365 3342 henii,
377 3274 441 3328 Jan.
456 3271 619 3348 Rutgersii,
630 3273 692 3328 Jos.
706 3270 858 3348 Scahgeri,
871 3261 960 3350 Gasp.
971 3273 1117 3358 Sqioppii,
1128 3275 1178 3330 Ea.
1191 3275 1283 3352 Span-

269 3367 376 3438 hemii,
393 3365 459 3424 Joh.
480 3369 544 3424 Cer.
564 3367 676 3437 Vossii,
694 3365 878 3444 aliorumque
899 3366 1186 3446 quamplurimorum
1200 3368 1281 3427 cele-

234 3501 241 3546 ¹.
268 3462 401 3524 herrimae
420 3462 594 3521 eruditionis
611 3463 742 3522 virorum
761 3463 905 3541 excerpsit
923 3475 952 3524 et
970 3463 1088 3544 digessit
1105 3467 1194 3524 Henr.
1211 3463 1281 3523 Chr.

266 3559 440 3633 Herminius.
459 3560 504 3616 10⁰
519 3561 663 3616 Theodori
668 3563 818 3617 Ianssoaii
828 3562 868 3616 ab
878 3563 1063 3619 Almehween
1071 3562 1279 3620 animadversa.

270 3657 316 3716 11⁹
331 3659 449 3714 Hearici
461 3657 616 3714 Chnitshai
623 3657 763 3714 Hennuss'i
773 3656 932 3736 spicilegis.
949 3659 995 3716 ια’
1006 3661 1130 3735 Peplum
1140 3673 1279 3716 notarum

267 3755 312 3811 ad
322 3754 432 3810 scholio
447 3765 576 3811 veterum
589 3765 759 3816 contextum
777 3775 813 3812 ex
831 3755 909 3814 notis
925 3755 1031 3833 partim
1046 3756 1193 3836 varim
1208 3757 1278 3814 Oct.

269 3849 409 3920 Ferrarii,
420 3852 466 3907 Io.
481 3851 519 3906 G.
536 3849 659 3920 crevit,
673 3869 728 3908 nec
743 3869 804 3910 non
817 3856 903 3929 Casp.
919 3850 1043 3922 Barthii,
1057 3853 1134 3910 Sam.
1149 3849 1280 3920 Barthii,

267 3946 344 4007 Lud.
355 3944 512 4024 Dorleans,
523 3939 629 4005 Thom.
642 3947 812 4019 Mancheri,
821 3947 897 4008 Phil.
908 3947 1055 4020 nubenti,
1067 3951 1135 4008 Ger.
1147 3950 1175 4010 1.
1183 3947 1281 4008 Vossii
