<?xml version="1.0" encoding="UTF-8"?>
<!DOCTYPE html PUBLIC "-//W3C//DTD XHTML 1.0 Transitional//EN"
    "http://www.w3.org/TR/xhtml1/DTD/xhtml1-transitional.dtd">
<html xmlns="http://www.w3.org/1999/xhtml" xml:lang="en" lang="en">
 <head>
  <title>
</title>
<meta http-equiv="Content-Type" content="text/html;charset=utf-8" />
  <meta name='ocr-system' content='tesseract 3.04.00' />
  <meta name='ocr-capabilities' content='ocr_page ocr_carea ocr_par ocr_line ocrx_word'/>
</head>
<body>
  <div class='ocr_page' id='page_1' title='image "./satirae00pithgoog_0151.png"; bbox 0 0 2930 4660; ppageno 0'>
   <div class='ocr_carea' id='block_1_1' title="bbox 302 295 1103 376">
    <p class='ocr_par' dir='ltr' id='par_1_1' title="bbox 302 295 1103 376">
     <span class='ocr_line' id='line_1_1' title="bbox 302 295 1103 376; baseline -0.002 -14"><span class='ocrx_word' id='word_1_1' title='bbox 302 299 371 376; x_wconf 69' lang='lat'><strong>&#39;144</strong></span> <span class='ocrx_word' id='word_1_2' title='bbox 521 296 562 362; x_wconf 90' lang='lat' dir='ltr'><strong>H.</strong></span> <span class='ocrx_word' id='word_1_3' title='bbox 590 295 655 360; x_wconf 85' lang='lat' dir='ltr'><strong>ET</strong></span> <span class='ocrx_word' id='word_1_4' title='bbox 680 298 715 362; x_wconf 92' lang='lat' dir='ltr'><strong>C.</strong></span> <span class='ocrx_word' id='word_1_5' title='bbox 741 295 1103 364; x_wconf 82' lang='lat' dir='ltr'><strong>VALESIORUM</strong></span> 
     </span>
    </p>
   </div>
   <div class='ocr_carea' id='block_1_2' title="bbox 230 419 1316 692">
    <p class='ocr_par' dir='ltr' id='par_1_2' title="bbox 230 419 1316 692">
     <span class='ocr_line' id='line_1_2' title="bbox 294 419 1316 500; baseline -0.002 -21"><span class='ocrx_word' id='word_1_6' title='bbox 294 439 363 480; x_wconf 71' lang='lat' dir='ltr'><strong>«non</strong></span> <span class='ocrx_word' id='word_1_7' title='bbox 373 419 476 499; x_wconf 87' lang='lat' dir='ltr'><strong>placet.</strong></span> <span class='ocrx_word' id='word_1_8' title='bbox 491 421 658 478; x_wconf 83' lang='lat' dir='ltr'><strong>Petronius:</strong></span> <span class='ocrx_word' id='word_1_9' title='bbox 672 423 733 500; x_wconf 74' lang='lat' dir='ltr'><strong>Age</strong></span> <span class='ocrx_word' id='word_1_10' title='bbox 745 441 828 500; x_wconf 85' lang='lat' dir='ltr'><strong>ergo,</strong></span> <span class='ocrx_word' id='word_1_11' title='bbox 840 421 936 499; x_wconf 87' lang='lat' dir='ltr'><strong>iuquit</strong></span> <span class='ocrx_word' id='word_1_12' title='bbox 951 421 1016 492; x_wconf 88' lang='lat' dir='ltr'><strong>ille,</strong></span> <span class='ocrx_word' id='word_1_13' title='bbox 1028 421 1060 479; x_wconf 92' lang='lat' dir='ltr'><strong>in</strong></span> <span class='ocrx_word' id='word_1_14' title='bbox 1076 419 1205 478; x_wconf 82' lang='lat' dir='ltr'><strong>exercitu</strong></span> <span class='ocrx_word' id='word_1_15' title='bbox 1220 430 1316 479; x_wconf 87' lang='lat' dir='ltr'><strong>vestro</strong></span> 
     </span>
     <span class='ocr_line' id='line_1_3' title="bbox 230 516 1315 594; baseline 0 -20"><span class='ocrx_word' id='word_1_16' title='bbox 230 521 233 531; x_wconf 83' lang='grc'><strong>“</strong></span> <span class='ocrx_word' id='word_1_17' title='bbox 298 517 478 594; x_wconf 67' lang='lat' dir='ltr'><strong>phaecasiati</strong></span> <span class='ocrx_word' id='word_1_18' title='bbox 499 516 606 575; x_wconf 81' lang='lat' dir='ltr'><strong>milites</strong></span> <span class='ocrx_word' id='word_1_19' title='bbox 629 517 806 575; x_wconf 79' lang='lat' dir='ltr'><strong>ambulent?</strong></span> <span class='ocrx_word' id='word_1_20' title='bbox 827 521 935 576; x_wconf 81' lang='lat' dir='ltr'>Seneca</span> <span class='ocrx_word' id='word_1_21' title='bbox 957 518 995 576; x_wconf 87' lang='lat' dir='ltr'><strong>de</strong></span> <span class='ocrx_word' id='word_1_22' title='bbox 1020 518 1144 575; x_wconf 86' lang='lat' dir='ltr'><strong>Benefic.</strong></span> <span class='ocrx_word' id='word_1_23' title='bbox 1168 516 1221 574; x_wconf 89' lang='lat' dir='ltr'><strong>lib.</strong></span> <span class='ocrx_word' id='word_1_24' title='bbox 1242 519 1315 588; x_wconf 88' lang='lat' dir='ltr'><strong>VII,</strong></span> 
     </span>
     <span class='ocr_line' id='line_1_4' title="bbox 303 599 1316 692; baseline -0.002 -20"><span class='ocrx_word' id='word_1_25' title='bbox 303 633 368 691; x_wconf 89' lang='lat' dir='ltr'><strong>cap.</strong></span> <span class='ocrx_word' id='word_1_26' title='bbox 383 633 435 684; x_wconf 81' lang='lat' dir='ltr'><strong>ur,</strong></span> <span class='ocrx_word' id='word_1_27' title='bbox 447 612 655 692; x_wconf 80' lang='lat' dir='ltr'><strong>Pythagoricus</strong></span> <span class='ocrx_word' id='word_1_28' title='bbox 672 613 793 692; x_wconf 91' lang='lat' dir='ltr'><strong>quidam</strong></span> <span class='ocrx_word' id='word_1_29' title='bbox 811 599 920 671; x_wconf 69' lang='lat' dir='ltr'><strong>emerat</strong></span> <span class='ocrx_word' id='word_1_30' title='bbox 937 633 954 672; x_wconf 89' lang='lat' dir='ltr'><strong>a</strong></span> <span class='ocrx_word' id='word_1_31' title='bbox 974 625 1071 672; x_wconf 90' lang='lat' dir='ltr'><strong>sutore</strong></span> <span class='ocrx_word' id='word_1_32' title='bbox 1082 614 1239 690; x_wconf 80' lang='lat' dir='ltr'><strong>phoecosia</strong></span> <span class='ocrx_word' id='word_1_33' title='bbox 1252 632 1316 670; x_wconf 90' lang='lat' dir='ltr'><strong>rem</strong></span> 
     </span>
    </p>
   </div>
   <div class='ocr_carea' id='block_1_3' title="bbox 299 709 1316 1069">
    <p class='ocr_par' dir='ltr' id='par_1_3' title="bbox 299 709 1316 1069">
     <span class='ocr_line' id='line_1_5' title="bbox 301 709 1316 798; baseline -0.001 -30"><span class='ocrx_word' id='word_1_34' title='bbox 301 729 435 788; x_wconf 86' lang='lat' dir='ltr'><strong>magnam</strong></span> <span class='ocrx_word' id='word_1_35' title='bbox 446 729 507 769; x_wconf 90' lang='lat' dir='ltr'><strong>nou</strong></span> <span class='ocrx_word' id='word_1_36' title='bbox 519 710 709 789; x_wconf 75' lang='lat' dir='ltr'><strong>praesentibus</strong></span> <span class='ocrx_word' id='word_1_37' title='bbox 720 710 859 768; x_wconf 89' lang='lat' dir='ltr'><strong>nummis.</strong></span> <span class='ocrx_word' id='word_1_38' title='bbox 873 711 1073 798; x_wconf 67' lang='lat' dir='ltr'><strong>Gpaec&#39;anicum</strong></span> <span class='ocrx_word' id='word_1_39' title='bbox 1085 709 1316 767; x_wconf 84' lang='lat' dir='ltr'><strong>calceamentum</strong></span> 
     </span>
     <span class='ocr_line' id='line_1_6' title="bbox 300 799 1316 886; baseline -0.001 -21"><span class='ocrx_word' id='word_1_40' title='bbox 300 819 331 865; x_wconf 89' lang='lat' dir='ltr'><strong>et</strong></span> <span class='ocrx_word' id='word_1_41' title='bbox 351 807 527 880; x_wconf 80' lang='lat' dir='ltr'><strong>candidum3</strong></span> <span class='ocrx_word' id='word_1_42' title='bbox 544 819 578 866; x_wconf 88' lang='lat' dir='ltr'><strong>ut</strong></span> <span class='ocrx_word' id='word_1_43' title='bbox 600 806 773 866; x_wconf 79' lang='lat' dir='ltr'><strong>Plutarchus</strong></span> <span class='ocrx_word' id='word_1_44' title='bbox 794 819 824 865; x_wconf 91' lang='lat' dir='ltr'><strong>et</strong></span> <span class='ocrx_word' id='word_1_45' title='bbox 844 809 997 886; x_wconf 84' lang='lat' dir='ltr'><strong>Appianus</strong></span> <span class='ocrx_word' id='word_1_46' title='bbox 1018 806 1135 864; x_wconf 88' lang='lat' dir='ltr'><strong>docent.</strong></span> <span class='ocrx_word' id='word_1_47' title='bbox 1158 799 1316 885; x_wconf 74' lang='lat' dir='ltr'><strong>Prap‘lacet</strong></span> 
     </span>
     <span class='ocr_line' id='line_1_7' title="bbox 299 899 1316 983; baseline 0.002 -23"><span class='ocrx_word' id='word_1_48' title='bbox 299 915 397 960; x_wconf 90' lang='lat' dir='ltr'><strong>tamen</strong></span> <span class='ocrx_word' id='word_1_49' title='bbox 410 902 497 960; x_wconf 86' lang='lat' dir='ltr'><strong>lectio</strong></span> <span class='ocrx_word' id='word_1_50' title='bbox 512 907 585 960; x_wconf 84' lang='lat' dir='ltr'><strong>Hoec</strong></span> <span class='ocrx_word' id='word_1_51' title='bbox 598 906 793 975; x_wconf 75' lang='lat' dir='ltr'><strong>Asmnorum,</strong></span> <span class='ocrx_word' id='word_1_52' title='bbox 809 915 844 962; x_wconf 89' lang='lat' dir='ltr'><strong>ut</strong></span> <span class='ocrx_word' id='word_1_53' title='bbox 859 904 970 962; x_wconf 82' lang='lat' dir='ltr'><strong>fuerint</strong></span> <span class='ocrx_word' id='word_1_54' title='bbox 985 905 1072 962; x_wconf 86' lang='lat' dir='ltr'><strong>etiam</strong></span> <span class='ocrx_word' id='word_1_55' title='bbox 1088 904 1204 961; x_wconf 84' lang='lat' dir='ltr'><strong>feminae</strong></span> <span class='ocrx_word' id='word_1_56' title='bbox 1218 899 1316 983; x_wconf 80' lang='lat' dir='ltr'><strong>capta-</strong></span> 
     </span>
     <span class='ocr_line' id='line_1_8' title="bbox 300 979 691 1069; baseline -0.003 -13"><span class='ocrx_word' id='word_1_57' title='bbox 300 999 405 1069; x_wconf 89' lang='lat' dir='ltr'><strong>trices,</strong></span> <span class='ocrx_word' id='word_1_58' title='bbox 417 979 468 1058; x_wconf 78' lang='lat' dir='ltr'><strong>aut</strong></span> <span class='ocrx_word' id='word_1_59' title='bbox 482 1012 559 1058; x_wconf 86' lang='lat' dir='ltr'><strong>certe</strong></span> <span class='ocrx_word' id='word_1_60' title='bbox 574 1001 639 1056; x_wconf 83' lang='lat' dir='ltr'><strong>Hic.</strong></span> <span class='ocrx_word' id='word_1_61' title='bbox 657 1003 691 1059; x_wconf 87' lang='lat' dir='ltr'><strong>C.</strong></span> 
     </span>
    </p>
   </div>
   <div class='ocr_carea' id='block_1_4' title="bbox 297 1128 1311 2097">
    <p class='ocr_par' dir='ltr' id='par_1_4' title="bbox 297 1128 1311 2097">
     <span class='ocr_line' id='line_1_9' title="bbox 297 1128 1173 1219; baseline 0.002 -27"><span class='ocrx_word' id='word_1_62' title='bbox 297 1149 328 1194; x_wconf 90' lang='lat' dir='ltr'><strong>v.</strong></span> <span class='ocrx_word' id='word_1_63' title='bbox 345 1128 418 1194; x_wconf 79' lang='lat'><strong>223.</strong></span> <span class='ocrx_word' id='word_1_64' title='bbox 441 1129 476 1195; x_wconf 93' lang='lat' dir='ltr'><strong>Si</strong></span> <span class='ocrx_word' id='word_1_65' title='bbox 493 1144 584 1218; x_wconf 85' lang='lat' dir='ltr'><strong>potes</strong></span> <span class='ocrx_word' id='word_1_66' title='bbox 597 1129 690 1196; x_wconf 84' lang='lat' dir='ltr'><strong>avelli</strong></span> <span class='ocrx_word' id='word_1_67' title='bbox 703 1130 922 1214; x_wconf 79' lang='lat' dir='ltr'><strong>Circensibus,</strong></span> <span class='ocrx_word' id='word_1_68' title='bbox 934 1130 1057 1219; x_wconf 89' lang='lat' dir='ltr'><strong>optima</strong></span> <span class='ocrx_word' id='word_1_69' title='bbox 1070 1129 1173 1211; x_wconf 77' lang='lat' dir='ltr'><strong>Sorae,</strong></span> 
     </span>
     <span class='ocr_line' id='line_1_10' title="bbox 443 1226 1288 1317; baseline 0.001 -25"><span class='ocrx_word' id='word_1_70' title='bbox 443 1230 510 1292; x_wconf 85' lang='lat' dir='ltr'><strong>Aut</strong></span> <span class='ocrx_word' id='word_1_71' title='bbox 521 1226 714 1294; x_wconf 69' lang='lat' dir='ltr'><strong>Fabrateriae</strong></span> <span class='ocrx_word' id='word_1_72' title='bbox 729 1229 863 1310; x_wconf 88' lang='lat' dir='ltr'><strong>domus,</strong></span> <span class='ocrx_word' id='word_1_73' title='bbox 876 1245 933 1293; x_wconf 88' lang='lat' dir='ltr'><strong>aut</strong></span> <span class='ocrx_word' id='word_1_74' title='bbox 944 1229 1125 1293; x_wconf 85' lang='lat' dir='ltr'><strong>Frusinone</strong></span> <span class='ocrx_word' id='word_1_75' title='bbox 1138 1243 1288 1317; x_wconf 86' lang='lat' dir='ltr'><strong>paratur,</strong></span> 
     </span>
     <span class='ocr_line' id='line_1_11' title="bbox 442 1324 1308 1407; baseline 0.003 -21"><span class='ocrx_word' id='word_1_76' title='bbox 442 1325 566 1407; x_wconf 83' lang='lat' dir='ltr'><strong>Quanti</strong></span> <span class='ocrx_word' id='word_1_77' title='bbox 578 1348 668 1390; x_wconf 90' lang='lat' dir='ltr'><strong>nunc</strong></span> <span class='ocrx_word' id='word_1_78' title='bbox 681 1326 828 1390; x_wconf 80' lang='lat' dir='ltr'><strong>tenebras</strong></span> <span class='ocrx_word' id='word_1_79' title='bbox 839 1349 943 1390; x_wconf 90' lang='lat' dir='ltr'><strong>unum</strong></span> <span class='ocrx_word' id='word_1_80' title='bbox 955 1324 1111 1390; x_wconf 89' lang='lat' dir='ltr'><strong>conducis</strong></span> <span class='ocrx_word' id='word_1_81' title='bbox 1124 1325 1159 1387; x_wconf 90' lang='lat' dir='ltr'><strong>in</strong></span> <span class='ocrx_word' id='word_1_82' title='bbox 1172 1348 1308 1392; x_wconf 85' lang='lat' dir='ltr'><strong>annum.</strong></span> 
     </span>
     <span class='ocr_line' id='line_1_12' title="bbox 444 1422 1311 1513; baseline 0.001 -27"><span class='ocrx_word' id='word_1_83' title='bbox 444 1422 604 1486; x_wconf 86' lang='lat' dir='ltr'><strong>Hortulus</strong></span> <span class='ocrx_word' id='word_1_84' title='bbox 619 1423 711 1507; x_wconf 88' lang='lat' dir='ltr'><strong>heic,</strong></span> <span class='ocrx_word' id='word_1_85' title='bbox 725 1440 904 1513; x_wconf 85' lang='lat' dir='ltr'><strong>puteusque</strong></span> <span class='ocrx_word' id='word_1_86' title='bbox 921 1423 1048 1505; x_wconf 87' lang='lat' dir='ltr'><strong>brevis,</strong></span> <span class='ocrx_word' id='word_1_87' title='bbox 1062 1445 1122 1487; x_wconf 89' lang='lat' dir='ltr'><strong>nec</strong></span> <span class='ocrx_word' id='word_1_88' title='bbox 1138 1438 1223 1490; x_wconf 87' lang='lat' dir='ltr'><strong>reste</strong></span> <span class='ocrx_word' id='word_1_89' title='bbox 1239 1445 1311 1488; x_wconf 90' lang='lat' dir='ltr'><strong>mo-</strong></span> 
     </span>
     <span class='ocr_line' id='line_1_13' title="bbox 494 1520 619 1586; baseline -0.008 0"><span class='ocrx_word' id='word_1_90' title='bbox 494 1520 619 1586; x_wconf 83' lang='lat' dir='ltr'><strong>vendus</strong></span> 
     </span>
     <span class='ocr_line' id='line_1_14' title="bbox 442 1619 1193 1708; baseline 0.003 -24"><span class='ocrx_word' id='word_1_91' title='bbox 442 1619 483 1684; x_wconf 91' lang='lat' dir='ltr'><strong>In</strong></span> <span class='ocrx_word' id='word_1_92' title='bbox 497 1635 609 1684; x_wconf 86' lang='lat' dir='ltr'><strong>tenues</strong></span> <span class='ocrx_word' id='word_1_93' title='bbox 622 1620 745 1708; x_wconf 88' lang='lat' dir='ltr'><strong>plantas</strong></span> <span class='ocrx_word' id='word_1_94' title='bbox 758 1621 843 1686; x_wconf 84' lang='lat' dir='ltr'><strong>facili</strong></span> <span class='ocrx_word' id='word_1_95' title='bbox 857 1619 1054 1686; x_wconf 79' lang='lat' dir='ltr'><strong>diffunditur</strong></span> <span class='ocrx_word' id='word_1_96' title='bbox 1064 1621 1193 1686; x_wconf 88' lang='lat' dir='ltr'><strong>haustu.</strong></span> 
     </span>
     <span class='ocr_line' id='line_1_15' title="bbox 439 1716 1216 1800; baseline 0.004 -22"><span class='ocrx_word' id='word_1_97' title='bbox 439 1717 523 1782; x_wconf 84' lang='lat' dir='ltr'><strong>Vive</strong></span> <span class='ocrx_word' id='word_1_98' title='bbox 535 1716 677 1782; x_wconf 89' lang='lat' dir='ltr'><strong>bidentis</strong></span> <span class='ocrx_word' id='word_1_99' title='bbox 691 1741 819 1799; x_wconf 87' lang='lat' dir='ltr'><strong>amans,</strong></span> <span class='ocrx_word' id='word_1_100' title='bbox 833 1734 865 1782; x_wconf 89' lang='lat' dir='ltr'><strong>et</strong></span> <span class='ocrx_word' id='word_1_101' title='bbox 878 1718 958 1782; x_wconf 88' lang='lat' dir='ltr'><strong>culti</strong></span> <span class='ocrx_word' id='word_1_102' title='bbox 969 1718 1095 1783; x_wconf 87' lang='lat' dir='ltr'><strong>villicus</strong></span> <span class='ocrx_word' id='word_1_103' title='bbox 1109 1718 1216 1800; x_wconf 89' lang='lat' dir='ltr'><strong>horti,</strong></span> 
     </span>
     <span class='ocr_line' id='line_1_16' title="bbox 440 1813 1267 1906; baseline 0.001 -26"><span class='ocrx_word' id='word_1_104' title='bbox 440 1813 537 1880; x_wconf 90' lang='lat' dir='ltr'><strong>Unde</strong></span> <span class='ocrx_word' id='word_1_105' title='bbox 551 1816 685 1904; x_wconf 91' lang='lat' dir='ltr'><strong>epulum</strong></span> <span class='ocrx_word' id='word_1_106' title='bbox 699 1817 799 1904; x_wconf 89' lang='lat' dir='ltr'><strong>possis</strong></span> <span class='ocrx_word' id='word_1_107' title='bbox 813 1831 945 1880; x_wconf 90' lang='lat' dir='ltr'><strong>centum</strong></span> <span class='ocrx_word' id='word_1_108' title='bbox 959 1813 1035 1879; x_wconf 86' lang='lat' dir='ltr'><strong>darc</strong></span> <span class='ocrx_word' id='word_1_109' title='bbox 1049 1816 1267 1906; x_wconf 84' lang='lat' dir='ltr'><strong>Pythagoreis.</strong></span> 
     </span>
     <span class='ocr_line' id='line_1_17' title="bbox 440 1911 1309 2001; baseline 0.002 -25"><span class='ocrx_word' id='word_1_110' title='bbox 440 1911 630 1999; x_wconf 85' lang='lat' dir='ltr'><strong>Estaliquid</strong></span> <span class='ocrx_word' id='word_1_111' title='bbox 638 1934 845 2000; x_wconf 91' lang='lat' dir='ltr'><strong>quocumque</strong></span> <span class='ocrx_word' id='word_1_112' title='bbox 853 1911 941 1993; x_wconf 87' lang='lat' dir='ltr'><strong>loco,</strong></span> <span class='ocrx_word' id='word_1_113' title='bbox 950 1934 1155 2001; x_wconf 87' lang='lat' dir='ltr'><strong>quocumque</strong></span> <span class='ocrx_word' id='word_1_114' title='bbox 1165 1935 1309 1995; x_wconf 88' lang='lat' dir='ltr'><strong>recessu,</strong></span> 
     </span>
     <span class='ocr_line' id='line_1_18' title="bbox 379 2008 1111 2097; baseline 0 -25"><span class='ocrx_word' id='word_1_115' title='bbox 379 2027 380 2034; x_wconf 53' lang='lat'>¹</span> <span class='ocrx_word' id='word_1_116' title='bbox 440 2008 545 2072; x_wconf 88' lang='lat' dir='ltr'><strong>Unius</strong></span> <span class='ocrx_word' id='word_1_117' title='bbox 557 2030 623 2074; x_wconf 89' lang='lat' dir='ltr'><strong>sese</strong></span> <span class='ocrx_word' id='word_1_118' title='bbox 637 2009 809 2092; x_wconf 84' lang='lat' dir='ltr'><strong>dominum</strong></span> <span class='ocrx_word' id='word_1_119' title='bbox 825 2009 932 2074; x_wconf 86' lang='lat' dir='ltr'><strong>secisse</strong></span> <span class='ocrx_word' id='word_1_120' title='bbox 948 2009 1111 2097; x_wconf 59' lang='lat' dir='ltr'><strong>lacertu]</strong></span> 
     </span>
    </p>
   </div>
   <div class='ocr_carea' id='block_1_5' title="bbox 287 2145 1396 3769">
    <p class='ocr_par' dir='ltr' id='par_1_5' title="bbox 293 2145 1396 3190">
     <span class='ocr_line' id='line_1_19' title="bbox 336 2145 1308 2228; baseline 0 -22"><span class='ocrx_word' id='word_1_121' title='bbox 336 2151 444 2210; x_wconf 78' lang='lat' dir='ltr'><strong>Annon</strong></span> <span class='ocrx_word' id='word_1_122' title='bbox 455 2151 582 2207; x_wconf 71' lang='lat' dir='ltr'><strong>lacernae</strong></span> <span class='ocrx_word' id='word_1_123' title='bbox 590 2149 709 2228; x_wconf 81' lang='lat' dir='ltr'><strong>potius?</strong></span> <span class='ocrx_word' id='word_1_124' title='bbox 718 2148 749 2206; x_wconf 91' lang='lat' dir='ltr'><strong>id</strong></span> <span class='ocrx_word' id='word_1_125' title='bbox 762 2160 821 2219; x_wconf 89' lang='lat' dir='ltr'><strong>est,</strong></span> <span class='ocrx_word' id='word_1_126' title='bbox 833 2145 1013 2206; x_wconf 89' lang='lat' dir='ltr'><strong>lacernatum</strong></span> <span class='ocrx_word' id='word_1_127' title='bbox 1026 2167 1141 2227; x_wconf 87' lang='lat' dir='ltr'><strong>semper</strong></span> <span class='ocrx_word' id='word_1_128' title='bbox 1150 2167 1212 2206; x_wconf 91' lang='lat' dir='ltr'><strong>esse</strong></span> <span class='ocrx_word' id='word_1_129' title='bbox 1221 2168 1308 2228; x_wconf 87' lang='lat' dir='ltr'><strong>posse</strong></span> 
     </span>
     <span class='ocr_line' id='line_1_20' title="bbox 296 2243 1311 2324; baseline -0.002 -18"><span class='ocrx_word' id='word_1_130' title='bbox 296 2244 406 2319; x_wconf 89' lang='lat' dir='ltr'><strong>libere,</strong></span> <span class='ocrx_word' id='word_1_131' title='bbox 421 2265 481 2306; x_wconf 89' lang='lat' dir='ltr'><strong>non</strong></span> <span class='ocrx_word' id='word_1_132' title='bbox 495 2258 593 2306; x_wconf 88' lang='lat' dir='ltr'><strong>autem</strong></span> <span class='ocrx_word' id='word_1_133' title='bbox 608 2266 722 2324; x_wconf 87' lang='lat' dir='ltr'><strong>semper</strong></span> <span class='ocrx_word' id='word_1_134' title='bbox 736 2257 885 2324; x_wconf 80' lang='lat' dir='ltr'><strong>togatum,</strong></span> <span class='ocrx_word' id='word_1_135' title='bbox 898 2265 931 2302; x_wconf 89' lang='lat' dir='ltr'><strong>ac</strong></span> <span class='ocrx_word' id='word_1_136' title='bbox 946 2243 1013 2324; x_wconf 74' lang='lat' dir='ltr'><strong>togd</strong></span> <span class='ocrx_word' id='word_1_137' title='bbox 1025 2243 1112 2324; x_wconf 68' lang='lat' dir='ltr'><strong>longi</strong></span> <span class='ocrx_word' id='word_1_138' title='bbox 1123 2257 1201 2303; x_wconf 89' lang='lat' dir='ltr'><strong>veste</strong></span> <span class='ocrx_word' id='word_1_139' title='bbox 1215 2246 1311 2323; x_wconf 88' lang='lat' dir='ltr'><strong>impe-</strong></span> 
     </span>
     <span class='ocr_line' id='line_1_21' title="bbox 295 2335 1396 2422; baseline -0.002 -20"><span class='ocrx_word' id='word_1_140' title='bbox 295 2343 409 2413; x_wconf 88' lang='lat' dir='ltr'><strong>ditum,</strong></span> <span class='ocrx_word' id='word_1_141' title='bbox 421 2357 455 2401; x_wconf 90' lang='lat' dir='ltr'><strong>ut</strong></span> <span class='ocrx_word' id='word_1_142' title='bbox 467 2347 579 2402; x_wconf 85' lang='lat' dir='ltr'><strong>Romae.</strong></span> <span class='ocrx_word' id='word_1_143' title='bbox 594 2343 623 2401; x_wconf 91' lang='lat' dir='ltr'><strong>Si</strong></span> <span class='ocrx_word' id='word_1_144' title='bbox 638 2355 722 2422; x_wconf 87' lang='lat' dir='ltr'><strong>potes</strong></span> <span class='ocrx_word' id='word_1_145' title='bbox 743 2342 836 2402; x_wconf 71' lang='lat' dir='ltr'><strong>Romi</strong></span> <span class='ocrx_word' id='word_1_146' title='bbox 854 2355 885 2402; x_wconf 90' lang='lat' dir='ltr'><strong>et</strong></span> <span class='ocrx_word' id='word_1_147' title='bbox 905 2343 989 2401; x_wconf 88' lang='lat' dir='ltr'><strong>Circo</strong></span> <span class='ocrx_word' id='word_1_148' title='bbox 1008 2361 1042 2400; x_wconf 85' lang='lat' dir='ltr'><strong>ac</strong></span> <span class='ocrx_word' id='word_1_149' title='bbox 1060 2343 1231 2421; x_wconf 82' lang='lat' dir='ltr'><strong>spectaculis</strong></span> <span class='ocrx_word' id='word_1_150' title='bbox 1247 2347 1311 2402; x_wconf 87' lang='lat' dir='ltr'><strong>Ro·</strong></span> <span class='ocrx_word' id='word_1_151' title='bbox 1394 2335 1396 2340; x_wconf 69' lang='grc'><strong>’</strong></span> 
     </span>
     <span class='ocr_line' id='line_1_22' title="bbox 294 2438 1312 2517; baseline -0.002 -19"><span class='ocrx_word' id='word_1_152' title='bbox 294 2440 389 2498; x_wconf 87' lang='lat' dir='ltr'><strong>manis</strong></span> <span class='ocrx_word' id='word_1_153' title='bbox 402 2451 505 2517; x_wconf 86' lang='lat' dir='ltr'><strong>sponte</strong></span> <span class='ocrx_word' id='word_1_154' title='bbox 518 2459 634 2510; x_wconf 87' lang='lat' dir='ltr'><strong>carere,</strong></span> <span class='ocrx_word' id='word_1_155' title='bbox 650 2438 835 2517; x_wconf 89' lang='lat' dir='ltr'><strong>libenterque</strong></span> <span class='ocrx_word' id='word_1_156' title='bbox 850 2440 962 2517; x_wconf 86' lang='lat' dir='ltr'><strong>privare</strong></span> <span class='ocrx_word' id='word_1_157' title='bbox 976 2449 1005 2496; x_wconf 93' lang='lat' dir='ltr'><strong>te</strong></span> <span class='ocrx_word' id='word_1_158' title='bbox 1012 2458 1022 2510; x_wconf 89' lang='lat'>;</span> <span class='ocrx_word' id='word_1_159' title='bbox 1036 2438 1177 2516; x_wconf 87' lang='lat' dir='ltr'><strong>optimam</strong></span> <span class='ocrx_word' id='word_1_160' title='bbox 1189 2451 1218 2496; x_wconf 91' lang='lat' dir='ltr'><strong>et</strong></span> <span class='ocrx_word' id='word_1_161' title='bbox 1229 2457 1312 2497; x_wconf 91' lang='lat' dir='ltr'><strong>com-</strong></span> 
     </span>
     <span class='ocr_line' id='line_1_23' title="bbox 294 2534 1310 2613; baseline 0.001 -21"><span class='ocrx_word' id='word_1_162' title='bbox 294 2535 494 2593; x_wconf 89' lang='lat' dir='ltr'><strong>modissimam</strong></span> <span class='ocrx_word' id='word_1_163' title='bbox 507 2555 541 2592; x_wconf 87' lang='lat' dir='ltr'><strong>ac</strong></span> <span class='ocrx_word' id='word_1_164' title='bbox 555 2535 650 2593; x_wconf 83' lang='lat' dir='ltr'><strong>laxam</strong></span> <span class='ocrx_word' id='word_1_165' title='bbox 664 2534 787 2592; x_wconf 87' lang='lat' dir='ltr'><strong>domum</strong></span> <span class='ocrx_word' id='word_1_166' title='bbox 808 2546 892 2613; x_wconf 89' lang='lat' dir='ltr'><strong>potes</strong></span> <span class='ocrx_word' id='word_1_167' title='bbox 911 2535 965 2592; x_wconf 92' lang='lat' dir='ltr'><strong>tibi</strong></span> <span class='ocrx_word' id='word_1_168' title='bbox 980 2553 1148 2612; x_wconf 78' lang='lat' dir='ltr'><strong>comparare</strong></span> <span class='ocrx_word' id='word_1_169' title='bbox 1164 2537 1243 2592; x_wconf 87' lang='lat' dir='ltr'><strong>Sorae</strong></span> <span class='ocrx_word' id='word_1_170' title='bbox 1257 2547 1310 2593; x_wconf 87' lang='lat' dir='ltr'><strong>aut</strong></span> 
     </span>
     <span class='ocr_line' id='line_1_24' title="bbox 293 2631 1307 2708; baseline 0 -18"><span class='ocrx_word' id='word_1_171' title='bbox 293 2632 455 2690; x_wconf 80' lang='lat' dir='ltr'><strong>Frusinone</strong></span> <span class='ocrx_word' id='word_1_172' title='bbox 469 2631 558 2702; x_wconf 85' lang='lat' dir='ltr'><strong>tanti,</strong></span> <span class='ocrx_word' id='word_1_173' title='bbox 574 2631 675 2708; x_wconf 87' lang='lat' dir='ltr'><strong>quanti</strong></span> <span class='ocrx_word' id='word_1_174' title='bbox 690 2651 770 2688; x_wconf 91' lang='lat' dir='ltr'><strong>nunc</strong></span> <span class='ocrx_word' id='word_1_175' title='bbox 790 2631 821 2688; x_wconf 93' lang='lat' dir='ltr'><strong>in</strong></span> <span class='ocrx_word' id='word_1_176' title='bbox 840 2643 1064 2689; x_wconf 82' lang='lat' dir='ltr'><strong>unumtantum</strong></span> <span class='ocrx_word' id='word_1_177' title='bbox 1079 2649 1189 2689; x_wconf 88' lang='lat' dir='ltr'><strong>annum</strong></span> <span class='ocrx_word' id='word_1_178' title='bbox 1204 2637 1307 2690; x_wconf 83' lang='lat' dir='ltr'><strong>Romae</strong></span> 
     </span>
     <span class='ocr_line' id='line_1_25' title="bbox 294 2725 1308 2805; baseline -0.001 -19"><span class='ocrx_word' id='word_1_179' title='bbox 294 2726 507 2786; x_wconf 83' lang='lat' dir='ltr'><strong>domunculam</strong></span> <span class='ocrx_word' id='word_1_180' title='bbox 520 2725 702 2785; x_wconf 84' lang='lat' dir='ltr'><strong>tenebrosam</strong></span> <span class='ocrx_word' id='word_1_181' title='bbox 716 2739 746 2784; x_wconf 88' lang='lat' dir='ltr'><strong>et</strong></span> <span class='ocrx_word' id='word_1_182' title='bbox 759 2727 991 2805; x_wconf 81' lang='lat' dir='ltr'><strong>angustissimam</strong></span> <span class='ocrx_word' id='word_1_183' title='bbox 1005 2727 1156 2785; x_wconf 89' lang='lat' dir='ltr'><strong>conducis.</strong></span> <span class='ocrx_word' id='word_1_184' title='bbox 1171 2729 1261 2799; x_wconf 83' lang='lat' dir='ltr'><strong>Hele,</strong></span> <span class='ocrx_word' id='word_1_185' title='bbox 1274 2728 1308 2788; x_wconf 90' lang='lat' dir='ltr'><strong>id</strong></span> 
     </span>
     <span class='ocr_line' id='line_1_26' title="bbox 295 2823 1311 2903; baseline 0 -21"><span class='ocrx_word' id='word_1_186' title='bbox 295 2837 357 2896; x_wconf 89' lang='lat' dir='ltr'><strong>est,</strong></span> <span class='ocrx_word' id='word_1_187' title='bbox 372 2826 450 2883; x_wconf 81' lang='lat' dir='ltr'><strong>Sorae</strong></span> <span class='ocrx_word' id='word_1_188' title='bbox 460 2836 511 2884; x_wconf 89' lang='lat' dir='ltr'><strong>aut</strong></span> <span class='ocrx_word' id='word_1_189' title='bbox 524 2824 684 2882; x_wconf 85' lang='lat' dir='ltr'><strong>Frusinone</strong></span> <span class='ocrx_word' id='word_1_190' title='bbox 701 2823 853 2884; x_wconf 90' lang='lat' dir='ltr'><strong>hortulum</strong></span> <span class='ocrx_word' id='word_1_191' title='bbox 871 2823 1009 2894; x_wconf 84' lang='lat' dir='ltr'><strong>habebis,</strong></span> <span class='ocrx_word' id='word_1_192' title='bbox 1024 2837 1054 2883; x_wconf 92' lang='lat' dir='ltr'><strong>et</strong></span> <span class='ocrx_word' id='word_1_193' title='bbox 1070 2838 1203 2903; x_wconf 90' lang='lat' dir='ltr'><strong>puteum.</strong></span> <span class='ocrx_word' id='word_1_194' title='bbox 1219 2828 1257 2882; x_wconf 91' lang='lat' dir='ltr'><strong>Et</strong></span> <span class='ocrx_word' id='word_1_195' title='bbox 1269 2825 1311 2882; x_wconf 85' lang='lat' dir='ltr'><strong>ita</strong></span> 
     </span>
     <span class='ocr_line' id='line_1_27' title="bbox 296 2918 1311 2999; baseline -0.001 -21"><span class='ocrx_word' id='word_1_196' title='bbox 296 2921 383 2979; x_wconf 87' lang='lat' dir='ltr'><strong>vertit</strong></span> <span class='ocrx_word' id='word_1_197' title='bbox 392 2920 550 2998; x_wconf 86' lang='lat' dir='ltr'><strong>Dionysius</strong></span> <span class='ocrx_word' id='word_1_198' title='bbox 561 2919 711 2979; x_wconf 87' lang='lat' dir='ltr'><strong>Cballinns</strong></span> <span class='ocrx_word' id='word_1_199' title='bbox 726 2919 900 2998; x_wconf 78' lang='lat' dir='ltr'><strong>(Challr&#39;ue)</strong></span> <span class='ocrx_word' id='word_1_200' title='bbox 912 2918 1087 2991; x_wconf 82' lang='lat' dir='ltr'><strong>advocatus,</strong></span> <span class='ocrx_word' id='word_1_201' title='bbox 1100 2922 1153 2999; x_wconf 88' lang='lat' dir='ltr'><strong>qui</strong></span> <span class='ocrx_word' id='word_1_202' title='bbox 1164 2921 1311 2979; x_wconf 83' lang='lat' dir='ltr'><strong>Juvenolis</strong></span> 
     </span>
     <span class='ocr_line' id='line_1_28' title="bbox 296 3015 1312 3104; baseline -0.002 -30"><span class='ocrx_word' id='word_1_203' title='bbox 296 3017 396 3077; x_wconf 80' lang='lat' dir='ltr'><strong>satiras</strong></span> <span class='ocrx_word' id='word_1_204' title='bbox 408 3017 439 3074; x_wconf 88' lang='lat' dir='ltr'><strong>in</strong></span> <span class='ocrx_word' id='word_1_205' title='bbox 452 3035 552 3074; x_wconf 87' lang='lat' dir='ltr'><strong>versus</strong></span> <span class='ocrx_word' id='word_1_206' title='bbox 565 3016 693 3104; x_wconf 83' lang='lat' dir='ltr'><strong>Gallicos</strong></span> <span class='ocrx_word' id='word_1_207' title='bbox 707 3017 859 3075; x_wconf 87' lang='lat' dir='ltr'><strong>convertit.</strong></span> <span class='ocrx_word' id='word_1_208' title='bbox 875 3021 916 3075; x_wconf 76' lang='lat' dir='ltr'><strong>At</strong></span> <span class='ocrx_word' id='word_1_209' title='bbox 930 3015 1020 3094; x_wconf 78' lang='lat' dir='ltr'><strong>vulgo</strong></span> <span class='ocrx_word' id='word_1_210' title='bbox 1039 3017 1080 3074; x_wconf 87' lang='lat' dir='ltr'><strong>sic</strong></span> <span class='ocrx_word' id='word_1_211' title='bbox 1098 3017 1312 3101; x_wconf 85' lang='lat' dir='ltr'><strong>interpungunt</strong></span> 
     </span>
     <span class='ocr_line' id='line_1_29' title="bbox 296 3110 731 3190; baseline -0.011 -18"><span class='ocrx_word' id='word_1_212' title='bbox 296 3110 449 3182; x_wconf 83' lang='lat' dir='ltr'><strong>Pithoeus,</strong></span> <span class='ocrx_word' id='word_1_213' title='bbox 462 3111 605 3190; x_wconf 80' lang='lat' dir='ltr'><strong>Rigaltius</strong></span> <span class='ocrx_word' id='word_1_214' title='bbox 618 3123 648 3170; x_wconf 87' lang='lat' dir='ltr'><strong>et</strong></span> <span class='ocrx_word' id='word_1_215' title='bbox 661 3111 731 3170; x_wconf 82' lang='lat' dir='ltr'><strong>alii:</strong></span> 
     </span>
    </p>

    <p class='ocr_par' dir='ltr' id='par_1_6' title="bbox 471 3227 1051 3292">
     <span class='ocr_line' id='line_1_30' title="bbox 471 3227 1051 3292; baseline 0.007 -18"><span class='ocrx_word' id='word_1_216' title='bbox 471 3228 497 3280; x_wconf 87' lang='lat' dir='ltr'><strong>si</strong></span> <span class='ocrx_word' id='word_1_217' title='bbox 509 3238 582 3292; x_wconf 81' lang='lat' dir='ltr'><strong>potes</strong></span> <span class='ocrx_word' id='word_1_218' title='bbox 595 3227 668 3276; x_wconf 74' lang='lat' dir='ltr'><strong>evelli</strong></span> <span class='ocrx_word' id='word_1_219' title='bbox 677 3227 851 3285; x_wconf 78' lang='lat' dir='ltr'><strong>Circensibus,</strong></span> <span class='ocrx_word' id='word_1_220' title='bbox 864 3227 957 3292; x_wconf 80' lang='lat' dir='ltr'><strong>optima</strong></span> <span class='ocrx_word' id='word_1_221' title='bbox 970 3231 1051 3289; x_wconf 74' lang='lat' dir='ltr'><strong>Sora,</strong></span> 
     </span>
    </p>

    <p class='ocr_par' dir='ltr' id='par_1_7' title="bbox 464 3307 1124 3382">
     <span class='ocr_line' id='line_1_31' title="bbox 464 3307 1124 3382; baseline 0.002 -26"><span class='ocrx_word' id='word_1_222' title='bbox 464 3310 527 3367; x_wconf 78' lang='lat' dir='ltr'><strong>¹Ant</strong></span> <span class='ocrx_word' id='word_1_223' title='bbox 537 3307 680 3366; x_wconf 69' lang='lat' dir='ltr'><strong>Fabrateriae</strong></span> <span class='ocrx_word' id='word_1_224' title='bbox 691 3307 794 3382; x_wconf 79' lang='lat' dir='ltr'><strong>domus,</strong></span> <span class='ocrx_word' id='word_1_225' title='bbox 806 3317 850 3354; x_wconf 86' lang='lat' dir='ltr'><strong>sut</strong></span> <span class='ocrx_word' id='word_1_226' title='bbox 862 3309 1003 3357; x_wconf 84' lang='lat' dir='ltr'><strong>Frusinone</strong></span> <span class='ocrx_word' id='word_1_227' title='bbox 1015 3319 1124 3374; x_wconf 79' lang='lat' dir='ltr'><strong>paratur.</strong></span> 
     </span>
    </p>

    <p class='ocr_par' dir='ltr' id='par_1_8' title="bbox 287 3386 1306 3666">
     <span class='ocr_line' id='line_1_32' title="bbox 472 3386 1171 3450; baseline 0.001 -15"><span class='ocrx_word' id='word_1_228' title='bbox 472 3388 568 3450; x_wconf 86' lang='lat' dir='ltr'><strong>Quanti</strong></span> <span class='ocrx_word' id='word_1_229' title='bbox 581 3403 650 3436; x_wconf 86' lang='lat' dir='ltr'><strong>nune</strong></span> <span class='ocrx_word' id='word_1_230' title='bbox 663 3386 778 3435; x_wconf 80' lang='lat' dir='ltr'><strong>tenebras</strong></span> <span class='ocrx_word' id='word_1_231' title='bbox 789 3402 869 3434; x_wconf 89' lang='lat' dir='ltr'><strong>uuum</strong></span> <span class='ocrx_word' id='word_1_232' title='bbox 881 3387 1003 3436; x_wconf 84' lang='lat' dir='ltr'><strong>conducis</strong></span> <span class='ocrx_word' id='word_1_233' title='bbox 1015 3389 1044 3436; x_wconf 89' lang='lat' dir='ltr'><strong>iu</strong></span> <span class='ocrx_word' id='word_1_234' title='bbox 1057 3390 1171 3436; x_wconf 76' lang='lat' dir='ltr'><strong>anunm?</strong></span> 
     </span>
     <span class='ocr_line' id='line_1_33' title="bbox 296 3489 1306 3571; baseline 0 -21"><span class='ocrx_word' id='word_1_235' title='bbox 296 3489 421 3550; x_wconf 88' lang='lat' dir='ltr'><strong>Pessime</strong></span> <span class='ocrx_word' id='word_1_236' title='bbox 432 3503 462 3549; x_wconf 92' lang='lat' dir='ltr'><strong>et</strong></span> <span class='ocrx_word' id='word_1_237' title='bbox 471 3491 555 3550; x_wconf 92' lang='lat' dir='ltr'><strong>nullo</strong></span> <span class='ocrx_word' id='word_1_238' title='bbox 569 3510 665 3549; x_wconf 90' lang='lat' dir='ltr'><strong>sensu.</strong></span> <span class='ocrx_word' id='word_1_239' title='bbox 680 3491 789 3570; x_wconf 87' lang='lat' dir='ltr'><strong>Excipe</strong></span> <span class='ocrx_word' id='word_1_240' title='bbox 801 3489 1044 3570; x_wconf 80' lang='lat' dir='ltr'><strong>christophorum</strong></span> <span class='ocrx_word' id='word_1_241' title='bbox 1055 3491 1306 3571; x_wconf 82' lang='lat' dir='ltr'><strong>Raphelengium,</strong></span> 
     </span>
     <span class='ocr_line' id='line_1_34' title="bbox 287 3586 709 3666; baseline -0.009 -18"><span class='ocrx_word' id='word_1_242' title='bbox 287 3588 352 3666; x_wconf 82' lang='lat' dir='ltr'><strong>qui</strong></span> <span class='ocrx_word' id='word_1_243' title='bbox 365 3587 439 3648; x_wconf 80' lang='lat' dir='ltr'><strong>bene</strong></span> <span class='ocrx_word' id='word_1_244' title='bbox 452 3587 634 3666; x_wconf 83' lang='lat' dir='ltr'><strong>interpungit</strong></span> <span class='ocrx_word' id='word_1_245' title='bbox 648 3586 688 3645; x_wconf 87' lang='lat' dir='ltr'><strong>sic</strong></span> <span class='ocrx_word' id='word_1_246' title='bbox 701 3612 709 3644; x_wconf 71' lang='grc' dir='ltr'><strong><em>ε</em></strong></span> 
     </span>
    </p>

    <p class='ocr_par' dir='ltr' id='par_1_9' title="bbox 473 3703 1132 3769">
     <span class='ocr_line' id='line_1_35' title="bbox 473 3703 1132 3769; baseline -0.003 -13"><span class='ocrx_word' id='word_1_247' title='bbox 473 3704 499 3756; x_wconf 82' lang='lat' dir='ltr'><strong>Si</strong></span> <span class='ocrx_word' id='word_1_248' title='bbox 509 3713 581 3768; x_wconf 83' lang='lat' dir='ltr'><strong>potes</strong></span> <span class='ocrx_word' id='word_1_249' title='bbox 589 3703 663 3752; x_wconf 85' lang='lat' dir='ltr'><strong>avelli</strong></span> <span class='ocrx_word' id='word_1_250' title='bbox 673 3705 846 3765; x_wconf 82' lang='lat' dir='ltr'><strong>Circensibus,</strong></span> <span class='ocrx_word' id='word_1_251' title='bbox 858 3706 953 3769; x_wconf 78' lang='lat' dir='ltr'><strong>optimu</strong></span> <span class='ocrx_word' id='word_1_252' title='bbox 963 3707 1042 3766; x_wconf 74' lang='lat' dir='ltr'><strong>Sorae,</strong></span> <span class='ocrx_word' id='word_1_253' title='bbox 1130 3711 1132 3718; x_wconf 90' lang='grc'><strong>’</strong></span> 
     </span>
    </p>
   </div>
   <div class='ocr_carea' id='block_1_6' title="bbox 262 3782 1163 3934">
    <p class='ocr_par' dir='ltr' id='par_1_10' title="bbox 262 3782 1163 3934">
     <span class='ocr_line' id='line_1_36' title="bbox 468 3782 1121 3849; baseline -0.003 -15"><span class='ocrx_word' id='word_1_254' title='bbox 468 3785 525 3834; x_wconf 48' lang='lat' dir='ltr'><strong>¹Aut</strong></span> <span class='ocrx_word' id='word_1_255' title='bbox 538 3782 798 3845; x_wconf 77' lang='lat' dir='ltr'><strong>Fabrateriaedomus,</strong></span> <span class='ocrx_word' id='word_1_256' title='bbox 807 3796 853 3834; x_wconf 84' lang='lat' dir='ltr'><strong>aut</strong></span> <span class='ocrx_word' id='word_1_257' title='bbox 862 3786 1001 3846; x_wconf 78' lang='lat' dir='ltr'><strong>Frusinone</strong></span> <span class='ocrx_word' id='word_1_258' title='bbox 1010 3794 1121 3849; x_wconf 78' lang='lat' dir='ltr'><strong>paratur,</strong></span> 
     </span>
     <span class='ocr_line' id='line_1_37' title="bbox 262 3861 1163 3934; baseline 0.002 -25"><span class='ocrx_word' id='word_1_259' title='bbox 262 3879 264 3891; x_wconf 68' lang='lat'><strong>¹</strong></span> <span class='ocrx_word' id='word_1_260' title='bbox 366 3925 370 3932; x_wconf 26' lang='grc' dir='ltr'>ἱ</span> <span class='ocrx_word' id='word_1_261' title='bbox 473 3861 568 3934; x_wconf 75' lang='lat' dir='ltr'><strong>Quanti</strong></span> <span class='ocrx_word' id='word_1_262' title='bbox 578 3861 771 3914; x_wconf 82' lang='lat' dir='ltr'><strong>uuuotenebras</strong></span> <span class='ocrx_word' id='word_1_263' title='bbox 785 3879 867 3913; x_wconf 82' lang='lat' dir='ltr'><strong>uuum</strong></span> <span class='ocrx_word' id='word_1_264' title='bbox 881 3863 1163 3914; x_wconf 80' lang='lat' dir='ltr'><strong>conducisiusnuum:</strong></span> 
     </span>
    </p>
   </div>
   <div class='ocr_carea' id='block_1_7' title="bbox 0 0 1473 4660">
    <p class='ocr_par' dir='ltr' id='par_1_11' title="bbox 0 0 1473 4660">
     <span class='ocr_line' id='line_1_38' title="bbox 0 0 1473 4660; baseline 0 0"><span class='ocrx_word' id='word_1_265' title='bbox 0 0 1473 4660; x_wconf 95' lang='lat' dir='ltr'><strong> </strong></span> 
     </span>
    </p>
   </div>
  </div>
 </body>
</html>
