2818 4654
327 415 369 481 n.
395 416 546 484 turin
572 415 873 484 iuvansms.
1055 417 1096 508 ³7

18 537 19 540 ’
91 531 254 611 nobilem
270 553 309 610 et
322 538 502 612 illustrem
516 542 642 612 uirum
658 540 856 612 dominum
868 537 1043 638 gentilem
1053 537 1100 611 de

89 650 177 724 filiis
196 654 273 724 ursi
282 707 293 740 ,
315 667 483 756 tempore
497 657 556 727 sui
571 670 720 728 senatus
736 657 842 727 sexti.

361 821 438 885 XII.
463 822 628 886 Taureos
644 823 682 888 ll
700 820 831 910 (7984).

18 1055 19 1064 .
124 977 1099 1052 Codmembrinfolmonst.arafoliis,exeunteXIVsaec.exaratus,

18 1123 20 1134 .
89 1075 237 1154 eleganter
257 1075 398 1152 scriptus,
420 1096 489 1133 cum
509 1075 670 1134 initialibus
693 1073 797 1132 litteris
818 1095 889 1133 auro
908 1074 938 1132 el
954 1073 1102 1133 coloribus

90 1173 229 1251 depictis,
240 1171 315 1229 bene
326 1185 527 1242 conservatus,
539 1172 665 1248 satisque
677 1171 857 1229 emendatus.
868 1168 967 1230 Habet
975 1172 1102 1248 integros

25 1254 27 1263 ,
92 1267 263 1338 Horatium,
276 1268 406 1326 Persium
422 1280 451 1326 et
467 1257 648 1325 Juvenalem.
663 1268 763 1325 Primo
773 1267 845 1326 folio
856 1267 1023 1325 inscribitur
1035 1269 1102 1323 Iac.

90 1368 166 1440 Aug.
184 1364 299 1421 Thurini
310 1376 339 1421 et
357 1363 498 1434 Colbertr‘,
513 1363 549 1420 ad
564 1383 652 1441 quem
664 1376 764 1441 postea
773 1363 898 1421 devenit.
911 1363 959 1421 Ad
973 1363 1101 1432 calcem,

94 1471 186 1518 exstat
198 1460 288 1518 sancti
300 1460 378 1518 Petri
394 1459 491 1538 imago
505 1459 615 1519 calamo
629 1460 786 1531 delineata,
798 1459 865 1518 satis
876 1459 960 1518 bouae
974 1471 1061 1520 notae

337 1609 434 1694 XIIl.
459 1608 626 1674 Thoonem
640 1609 697 1692 HI·
712 1608 724 1696 (
733 1607 852 1704 8290).

131 1747 204 1806 eod.
216 1747 376 1806 membran.
389 1748 419 1806 in
433 1748 473 1820 4⁰,
485 1761 621 1808 constans
635 1769 690 1826 ¹09
706 1749 798 1820 foliis,
810 1752 868 1808 XV
877 1769 940 1808 saec.
953 1759 1100 1821 exaratus,

88 1844 215 1922 eleganti
222 1843 351 1922 quidem,
358 1845 409 1902 sed
416 1844 533 1904 indoctal
540 1845 882 1916 manu,cuminitialibus
891 1845 994 1904 litteris
1001 1846 1102 1924 depic-

90 1942 138 1997 tis.
150 1941 244 2000 Habet
250 1943 421 2002 iuvenalem
429 1954 458 2000 et
464 1943 595 2001 Persium
602 1943 663 2000 sine
673 1942 800 2014 scholiis,
808 1956 837 2001 et
844 1941 1025 2001 inscribitur:
1033 1945 1100 2000 Iac.

86 2041 166 2112 Aug.
176 2038 325 2096 Thucuiet
336 2039 467 2096 Colberti.
476 2043 636 2110 Caeterum,
642 2039 883 2138 mendosissimus
889 2053 933 2097 est
939 2039 989 2098 ille
996 2037 1101 2098 codex.

337 2184 429 2250 xlv.
450 2186 651 2278 Mozarineus
668 2187 704 2248 II
722 2184 858 2275 (8281).

130 2340 207 2403 cod,
231 2339 393 2400 membran.
413 2340 449 2398 im
469 2342 498 2410 [ἶ
516 2341 588 2399 min.
614 2352 749 2398 constans
772 2349 825 2410 104
847 2341 946 2412 foliis,
963 2345 1019 2400 XV
1036 2363 1100 2403 saec.

80 2449 240 2507 exaratus,
260 2436 370 2495 nitidus
392 2436 478 2507 satis,
496 2436 573 2495 bene
594 2438 718 2515 scriptus
737 2450 767 2495 et
783 2437 911 2516 perfecte
924 2440 1102 2500 emendatus.

83 2534 229 2596 Continet
236 2534 320 2592 Statii
328 2532 484 2592 Achilleid.
494 2547 524 2592 et
530 2534 973 2613 XVIsatirasJuvenalisahsque
981 2535 1105 2596 scholiis.

83 2638 125 2692 In
139 2631 233 2710 prima
247 2631 343 2688 fronte
358 2629 525 2689 inscribitur
540 2633 748 2690 FEDERICI
763 2634 928 2690 CERVTI
942 2635 1101 2692 VERON.

83 2729 145 2786 Ille
163 2729 219 2786 fuit
237 2731 361 2788 Cerutus
375 2727 567 2796 Veronensis,
583 2727 635 2803 qui
652 2728 824 2786 Juvenalem
843 2727 999 2787 illustrarit
1019 2733 1104 2807 para-

85 2825 196 2904 phrasi.
207 2822 276 2882 Vid.
286 2824 399 2882 elench.
409 2823 477 2882 edd'.
485 2826 590 2881 Juven.
601 2823 638 2880 ad
648 2843 714 2882 ann.
728 2825 813 2902 1597.

342 2970 415 3037 XV.
439 2971 631 3038 Colbertzizus
647 2972 702 3036 Ill
718 2971 854 3061 (8293).

128 3131 204 3190 Cod.
221 3131 381 3190 membrana
401 3131 433 3188 in
453 3127 493 3200 4⁰¹
506 3131 577 3188 min.
600 3143 735 3194 constans
755 3131 793 3187 88
813 3129 909 3202 loliis,
923 3131 979 3190 XV
995 3131 1102 3191 saeculo

86 3239 240 3296 exaratus,
256 3226 322 3284 satis
339 3217 528 3305 perspicuus,
545 3225 627 3304 quod
646 3225 683 3283 ad
705 3227 877 3304 scripturam
899 3239 1025 3306 spectat3
1050 3228 1125 3294 sed,

84 3312 249 3380 mendosus
268 3321 430 3380 admodum
452 3335 482 3382 et
503 3322 616 3382 infimae·
633 3334 720 3381 notae.
743 3323 914 3382 Iuvenalem
934 3323 1052 3382 exhibet
1072 3336 1103 3382 ct

83 3420 219 3478 Persium
232 3419 295 3477 sinc
308 3419 400 3478 notis.
911 3417 912 3420 ’

320 3525 411 3633 nur.
434 3567 543 3633 codex
563 3567 716 3633 aalma
734 3567 868 3660 (8469).

124 3729 371 3798 Membranaceus
383 3727 415 3786 in
426 3728 468 3797 8⁰,
483 3740 617 3787 constans
636 3729 672 3802 87
689 3727 784 3798 foliis,
800 3731 857 3787 XV
874 3747 938 3788 saec.
951 3739 1099 3813 exaratus,
1144 3709 1148 3722 ¹

82 3827 181 3886 nitide
195 3825 317 3905 quidem
328 3839 358 3884 et
367 3811 529 3903 eleganter,
543 3824 599 3884 sed
607 3818 711 3904 pamm
722 3826 823 3897 docte,
835 3847 890 3885 nec
902 3827 963 3884 sine
974 3825 1099 3885 mendis.

82 3925 206 3983 Humor
214 3930 380 4003 tpraeterea,
398 3933 429 3980 et·
446 3920 558 3980 incuria
569 3914 656 3982 ¹hunc
676 3922 807 3980 codicem
824 3931 899 4003 pene
916 3922 1100 4008 dilaceravit,

81 4031 114 4077 et
135 4041 229 4082 usum
251 4020 316 4098 ejus
337 4001 488 4078 difficilem
509 4015 647 4078 reddidit.
671 4018 828 4080 Salmasius
850 4021 934 4100 cujus
955 4030 1030 4094 erat,
1047 4016 1101 4079 sut
