2922 4672
272 387 333 480 ior
410 403 477 468 nn
503 399 1129 486 11sttJ11NtU-VENALEM

265 523 311 580 his
323 525 437 596 verbis,
452 529 507 583 alii
518 531 621 602 legu'nt.
635 529 685 586 llae
701 541 769 584 sunt
785 527 943 597 editiones,
959 545 1024 604 quae
1039 526 1070 584 iu
1086 514 1273 582 bibliothecis

264 627 576 694 vocanturvarionzm,
588 644 713 702 quarum
725 643 864 682 numerus
874 638 918 683 est
927 627 1043 703 ingens,
1056 634 1085 680 et
1095 621 1171 679 larua
1179 619 1272 698 major

156 743 161 754 ¹
263 715 353 795 quiam
363 740 415 796 par
423 732 466 778 est
474 722 553 799 apud
565 721 683 779 multos.
697 722 850 799 Quidquid
861 735 959 780 autem
972 721 1032 779 dixi
1044 719 1082 778 de
1094 717 1272 776 editionibus

262 817 429 887 variorum,
450 820 504 876 etsi
521 817 657 876 omnibus
676 838 736 876 non
754 819 908 888 convenit,
923 817 1082 896 presertim
1100 823 1198 872 tamen
1217 812 1271 870 tri-

262 910 414 968 buendum
427 926 469 970 est
481 915 516 972 iis
526 934 592 992 qtrae
606 935 622 972 a
636 914 802 974 Schrevelio
817 927 886 973 sunt
899 914 982 974 datae.
999 910 1185 972 Schrevelius
1194 921 1272 968 certe

263 1009 414 1082 Gymnasii
426 1009 520 1088 Lugd.
539 1015 600 1069 But.
616 1023 711 1069 rector
724 1012 768 1069 vir
780 1011 884 1070 doetus
895 1012 968 1082 fuit,
982 1021 1070 1087 atque
1085 1009 1117 1066 iu
1134 1007 1194 1064 suis
1208 1005 1285 1063 edi-·

263 1101 393 1160 tionibus
410 1107 566 1164 maximam
586 1106 721 1165 adhibuit
740 1128 857 1178 cuman,
876 1119 911 1164 ut
928 1105 1042 1164 mendis
1062 1115 1194 1181 expertes
1212 1100 1272 1159 illae

261 1197 336 1268 sint;
349 1198 400 1256 sed
411 1201 436 1257 is
446 1201 541 1260 editor
552 1204 643 1281 magis
652 1203 708 1262 hiit
716 1201 806 1282 quiam
817 1205 958 1280 interpres
969 1220 977 1257 τ
990 1202 1099 1280 quippe
1110 1197 1183 1256 nihil
1192 1217 1228 1254 ex
1241 1217 1271 1256 se

262 1291 353 1352 dedit.
372 1297 603 1358 Commentarius
623 1302 686 1379 ejus
705 1302 736 1358 in
755 1301 924 1360 Iuvenalem
945 1297 1032 1356 hahet
1048 1310 1175 1354 veterem
1190 1295 1272 1350 scho-

262 1391 374 1448 liastem
393 1393 556 1472 integrum,
572 1397 738 1468 Lubinum,
753 1398 968 1467 Britannicum,
987 1399 1178 1470 Grangeum.
1192 1396 1271 1449 'ffir-

260 1483 388 1561 nebnm,
405 1492 596 1565 Salmasium3
612 1496 663 1552 sed
680 1509 829 1554 truncatos
845 1495 881 1553 ad
899 1495 1018 1553 libitum
1037 1491 1165 1550 editoris.
1181 1491 1217 1547 ln
1234 1509 1271 1546 eo

259 1599 398 1662 praeterea
408 1587 566 1648 laudantur
575 1591 679 1648 Alciat.
692 1592 776 1649 Alex.
789 1592 826 1650 ab
835 1591 918 1650 Alex.
929 1589 1106 1659 Brissonius,
1117 1585 1269 1657 Bmdaeus,

258 1681 400 1753 Budaeus,
411 1687 565 1756 Gamerae,
576 1686 1055 1766 Meursius,1.ipsius‚Politianus,
1066 1683 1201 1762 Scaliger,
1212 1693 1269 1739 etc.

258 1776 289 1833 in
303 1779 509 1839 constituendo
523 1793 605 1840 textu
619 1796 737 1840 secutus
752 1797 796 1841 est
809 1783 1007 1842 recensionem
1023 1781 1142 1859 Rigaltii
1153 1780 1184 1838 in
1197 1778 1269 1836 edit.

260 1873 400 1950 Stephani
418 1877 474 1932 111,
494 1880 537 1934 Ex
556 1877 601 1935 his
619 1899 706 1958 supra
728 1879 829 1950 dictis,
846 1877 945 1936 videre
964 1877 1033 1936 licet
1054 1889 1197 1956 quantum
1213 1873 1270 1931 sibi

259 1973 434 2030 concesserit
458 1973 661 2047 Schrevelius,
686 1988 715 2034 et
740 1996 829 2054 quem
856 1995 945 2033 usum
974 1995 1049 2053 opus
1079 1977 1142 2053 ejus
1167 1971 1270 2030 lectori

259 2079 393 2146 praestare
406 2071 506 2152 possit.
523 2073 642 2152 Optima
656 2073 746 2132 editio
761 2084 805 2130 est
818 2074 885 2132 anni
903 2073 988 2142 1684.
1080 2125 1091 2138 ,

720 2251 804 2316 XX.

488 2410 770 2470 LUDOVICUS
800 2410 1031 2470 FRATEUS.

300 2565 412 2622 Eodem
432 2563 540 2624 saeculo
560 2569 661 2638 XVII,
672 2569 756 2646 jussu
773 2567 1008 2628 Christianissimi
1027 2567 1114 2646 Regis
1127 2564 1269 2624 Ludovici

260 2661 375 2738 Magni,
391 2661 527 2721 collectio
547 2661 733 2721 classicorum
755 2677 909 2723 auctorum
929 2664 966 2723 ad
985 2685 1071 2724 usum
1090 2660 1269 2721 Serenissimi

260 2754 400 2832 Delphini
420 2779 525 2817 excusa
547 2773 610 2830 est,
631 2780 700 2818 cum
722 2761 1007 2839 interpretationibus
1027 2782 1060 2820 ac
1081 2759 1182 2818 notis:
1202 2778 1269 2838 quae

259 2851 394 2912 collectio
406 2858 501 2913 LXIV
513 2855 572 2914 vol.
585 2855 805 2934 complectitur,
821 2871 850 2916 et
862 2878 932 2916 cura
942 2857 1186 2937 interpretationis
1197 2858 1269 2916 doc-

261 2951 378 3010 tissimis
398 2965 485 3030 atque
504 2951 706 3012 eruditissimis
723 2955 791 3012 viris
809 2955 981 3012 demandata
1001 2955 1078 3024 luit,
1096 2955 1171 3012 inter
1194 2973 1269 3032 quos

258 3051 334 3112 Lud.
348 3056 483 3124 Prateus,
498 3053 648 3111 rhetoricae
659 3053 805 3132 professor
818 3052 972 3123 emeritus,
985 3052 1038 3130 qui
1051 3051 1088 3110 ad
1098 3051 1268 3110 Iuvenalem

258 3161 289 3208 et
298 3149 429 3206 Persium
440 3147 626 3209 illustrandos
638 3150 766 3208 accessit.
777 3151 873 3228 Hujus
884 3149 1082 3226 interpretatio
1094 3147 1200 3220 facilis,
1212 3147 1271 3206 ele-

259 3266 330 3326 gans
339 3257 368 3303 et
377 3245 496 3306 minime
508 3245 719 3324 paraphrastica
729 3247 854 3305 videtur.
865 3249 949 3304 Notae
959 3246 1090 3324 ejusdem
1099 3265 1135 3302 ex
1145 3244 1269 3302 aliorum
1299 3255 1302 3260 '

260 3337 476 3408 commentariis
493 3357 634 3420 excerptae
652 3345 719 3402 satis
738 3342 814 3402 bene
834 3363 978 3400 summam
1000 3343 1142 3421 cujusque
1159 3342 1268 3414 satirae,

259 3461 369 3500 nexum
384 3441 608 3512 sententiarum,
622 3442 687 3500 loca
701 3440 888 3512 obscuriora,
903 3439 991 3514 verba
1005 3451 1034 3498 et
1048 3459 1093 3498 res
1106 3440 1267 3516 explicant,

259 3537 392 3622 quamvis
406 3535 499 3594 multa
517 3537 575 3593 sint
590 3535 638 3594 vel
656 3536 801 3642 vulgaria,
818 3536 866 3594 vel
884 3537 954 3594 falsa
973 3549 1002 3594 et
1019 3536 1130 3606 aliena3
1146 3556 1211 3614 quae
1225 3547 1270 3594 ta-

259 3655 328 3692 men
337 3633 493 3712 objectatio
507 3633 643 3691 omnibus
656 3635 820 3692 communis
831 3633 1049 3712 Interpretibus,
1059 3653 1119 3692 non
1129 3632 1267 3710 impedit,

259 3734 333 3812 quin
353 3737 471 3790 Prateus
493 3732 568 3790 inter
591 3730 718 3807 optimos
739 3731 924 3812 philologos,
945 3744 974 3789 et
996 3732 1117 3810 quidem
1136 3744 1268 3789 auctores

259 3828 442 3888 collectionis
461 3849 548 3907 supra
567 3841 750 3899 memorata,
770 3830 807 3886 sit
827 3829 1071 3888 adnumerandus.
1089 3827 1192 3886 Omnis
1205 3830 1268 3906 ejus

257 3947 328 3985 cura
341 3927 372 3985 in
385 3938 467 3986 textu
477 3926 702 3984 commentando
713 3939 824 3984 versata
835 3939 895 3996 est,
907 3945 961 3984 nec
973 3925 1059 3982 aliam
1070 3905 1268 3983 recensioirem

258 4021 407 4100 adhibuit,
418 4019 507 4102 qu'am
522 4023 602 4082 illam
611 4019 766 4084 Pithoei'et
781 4023 898 4102 Rigaltii
906 4044 920 4094 ,·
928 4021 1068 4082 revocatis
1083 4020 1196 4102 aliquot
1205 4019 1267 4080 lec·
