2922 4672
272 364 333 431 108
419 367 485 432 DE
508 365 580 464 IlS
604 367 697 452 QUI
725 366 779 432 IN
801 359 1108 428 IUVENALEM

269 514 283 541 a
294 485 438 567 quosdam
449 490 530 549 locos
541 467 686 550 illustrare
699 487 900 559 contendunt,
913 506 989 566 quos
1001 484 1155 544 obscurare
1166 499 1199 540 ac
1210 485 1274 560 pre
1323 519 1326 532 .

269 609 282 636 a
290 593 373 644 mere
387 586 555 647 debuerant.
571 592 641 647 Haec
659 588 713 646 tria
730 587 829 664 fugere
844 585 999 663 diligenter
1014 581 1212 642 studuimus.»
1225 581 1272 636 Ex
1359 573 1361 578 ’

253 695 255 698 ·
269 679 315 738 bis
328 695 461 759 apparet,
472 685 524 762 qui
538 685 576 742 sit
590 685 674 742 labor
693 685 756 762 ejus
773 684 804 740 in
820 681 1000 740 iuvenalem.
1017 678 1114 737 Primo
1126 677 1272 754 interpre-

269 777 409 834 tationem
423 792 593 856 perpetuam
604 799 664 838 non
678 781 776 837 minus
788 778 891 836 utilem
905 775 993 856 quim
1003 773 1083 834 illam
1097 773 1208 841 Pratei,
1221 770 1274 828 sed

268 872 474 951 elegantiorem
483 875 574 933 dedit.
584 877 735 946 Secundo,
745 888 822 934 notae
830 877 893 954 ejus
903 874 941 932 ad
949 868 1275 950 mythologiam,hist0-

267 968 341 1025 riam
355 983 384 1027 et
397 970 470 1028 ritus
478 984 588 1030 veteres
602 984 732 1050 spectant
743 957 855 1052 potius,
869 965 959 1049 quiam
972 967 1009 1026 ad
1022 967 1152 1025 criticam
1163 969 1255 1023 artem
1268 985 1274 1018 :

265 1076 433 1149 postremo,
449 1066 514 1124 loca
531 1065 665 1126 obscoena
683 1067 824 1146 dempsit,
837 1085 897 1124 non
915 1076 949 1122 ut
965 1068 1084 1123 Proteus
1096 1080 1202 1119 vacuas
1219 1059 1279 1130 lin.

267 1179 361 1236 quens
372 1159 462 1218 lineas
475 1173 505 1220 et
520 1165 647 1222 astericis
663 1163 828 1232 distinctas3'
841 1161 892 1220 sed
904 1160 1155 1218 caterisannems
1169 1168 1198 1214 et
1212 1177 1278 1234 per-

267 1268 391 1332 petuum
416 1257 548 1316 ordinem
573 1272 725 1318 servantes.
748 1259 899 1317 Multoties
923 1275 1043 1319 recusus
1065 1266 1108 1315 est
1129 1251 1278 1311 Juvenalis

267 1351 418 1424 Juvencii,
436 1359 488 1426 et‚'
499 1356 610 1435 reipsa,
629 1357 711 1414 solus
731 1368 773 1414 est
792 1355 830 1414 ad
850 1355 929 1412 hunc
951 1353 1046 1423 diem,
1064 1351 1117 1430 qui
1135 1349 1281 1414 tironibus

218 1439 221 1452 ’
268 1449 375 1506 nostris
390 1453 543 1510 convenire
556 1454 657 1531 possit.
716 1477 721 1492 ’
748 1483 749 1492 ¹
777 1489 781 1499 ·

696 1532 843 1598 xxiv.
934 1493 937 1504 ⁴

522 1671 1022 1749 ruouus'rmnsuunn.
1089 1767 1094 1778 „

307 1852 375 1920 Quo
386 1848 476 1907 modo
488 1849 519 1907 in
528 1853 545 1906 J
546 1849 667 1907 uvcnale
679 1849 794 1908 edendo
804 1861 933 1908 versatus
944 1848 982 1906 sit
991 1847 1144 1918 Manball,
1153 1846 1215 1925 ipse
1226 1864 1282 1904 nos

270 1943 356 2009 docet
369 1946 399 2002 in
413 1941 469 2004 fine
484 1945 691 2004 dissertationis
710 1945 845 2016 suae,·bis
857 1945 971 2005 verbis:
988 1969 1000 1997 ι
1015 1949 1141 2003 Textum
1154 1940 1202 2000 hic
1216 1961 1283 2000 cas-

273 2041 502 2118 «tigatissimum
522 2041 585 2100 ‘tibi
611 2041 806 2112 exhibemus,
830 2052 947 2119 utpote·
963 2061 1033 2098 cum
1062 2039 1286 2098 correctissimis

190 2139 194 2152 ‘
274 2125 473 2210 t'Schrevelii,
487 2138 597 2196 Lubini
608 2151 660 2210 ‚et
679 2138 804 2198 aliorum
827 2136 1007 2196 editionibus
1026 2137 1185 2207 collatum,
1199 2147 1230 2192 et
1247 2135 1286 2192 ad

276 2234 389 2292 «fidem
414 2235 593 2313 optimorum
620 2235 831 2314 exemplarium
859 2233 1082 2313 diligentissime
1107 2224 1293 2290 revocatum.¹

217 2323 224 2342 ⁸
277 2329 365 2389 «loca
386 2331 512 2410 plurima
532 2343 685 2409 corrupta,
700 2344 844 2410 quantum
864 2331 967 2410 potui,
981 2328 1150 2400 emendavi,
1161 2327 1287 2387 obscura

277 2411 289 2484 i
302 2427 462 2497 illustravi,
477 2440 507 2485 et
520 2427 665 2490 diminuta
684 2428 828 2506 supplevi.
844 2431 1022 2506 Argumenta
1038 2426 1125 2484 etiam
1138 2443 1214 2482 nova
1228 2423 1288 2482 sin-

278 2547 291 2573 ι
303 2522 379 2600 gulis
401 2523 640 2600 adrumetini,
660 2543 726 2600 quae
746 2524 778 2580 in
800 2522 949 2601 plerisque
969 2522 1149 2581 editionibus
1173 2519 1287 2578 deside·

254 2629 417 2689 ‘arantum
429 2630 458 2676 et
476 2619 506 2676 in
526 2619 758 2696 nullis-integre,
774 2630 809 2676 ut
826 2617 927 2688 decet,
940 2618 1125 2677 exhibentur.
1143 2615 1231 2688 Quod
1248 2615 1287 2672 ad

255 2729 258 2736 ’
280 2739 293 2766 ι
305 2726 389 2772 notas
405 2704 524 2784 attinet,
541 2712 610 2771 licet
627 2714 783 2772 maximam
806 2734 906 2772 samm
926 2727 1038 2794 partem
1057 2713 1211 2784 contexui,
1225 2731 1287 2770 non

268 2835 294 2862 ,ι
307 2829 407 2867 omnes
420 2821 518 2867 tamen
530 2809 584 2866 tibi
598 2828 652 2887 pro
666 2810 738 2868 meis
750 2811 870 2874 vendito
882 2832 890 2867 :
905 2810 1034 2869 multum
1047 2814 1201 2888 Grangaeo,
1214 2807 1287 2866 mul-

281 2931 295 2959 «
307 2918 372 2964 tum
378 2905 721 2984 Britannico,plmimum
728 2908 815 2969 etiam
822 2907 940 2966 Lubino
948 2928 995 2966 me
1004 2907 1110 2966 debere
1118 2907 1286 2986 profiteor.»

279 3007 308 3060 A
314 3001 426 3076 judicio
434 3002 555 3062 ferendo
566 3001 833 3082 abstine03qi1ippe
844 3005 896 3082 qui
907 3005 1049 3084 interpres
1057 3005 1088 3063 in
1096 3023 1174 3062 meas
1183 3022 1287 3062 manus

282 3099 343 3157 noir
355 3098 467 3156 incidit.

724 3175 844 3243 XXV.

363 3337 616 3397 cnoncrns
640 3340 939 3396 insunuans
964 3341 1196 3418 apsenti

324 3495 474 3574 Gymnasu
482 3495 630 3556 stadensis
639 3499 748 3554 Rector
754 3499 942 3575 ,nuperrime
954 3499 1020 3576 (an.
1036 3499 1144 3574 1801),
1157 3511 1293 3576 praestan-

284 3593 440 3664 tissimam,
452 3605 482 3652 et
494 3593 580 3670 longe
595 3594 727 3652 omnium
742 3594 967 3652 eruditissimam
981 3594 1132 3652 satirarum
1144 3593 1294 3652 'luvenalis

284 3691 442 3772 editionem
455 3688 551 3758 dedit,
567 3691 626 3766 qua
639 3688 801 3766 plurimum
821 3711 892 3750 usus
912 3711 995 3760 sum,
1010 3692 1118 3768 cuique
1137 3689 1231 3749 multa
1245 3711 1302 3746 me

281 3785 391 3846 'debere
404 3804 464 3844 non
482 3783 619 3842 diffiteor.²
635 3787 740 3844 Gratias
757 3772 847 3864 ¹igitur
866 3787 997 3866 ingentes
1016 3787 1213 3845 eruditissimo
1230 3787 1303 3870 viro¹

286 3881 359 3940 mihi
372 3882 500 3960 primum
512 3880 632 3960 agendae
646 3881 731 3953 sunt,
744 3895 773 3940 et
786 3895 905 3960 propter
917 3883 994 3940 bona
1007 3903 1074 3960 quaa
1088 3903 1125 3940 ex
1137 3885 1200 3962 ejus
1213 3899 1296 3940 com-

226 4019 231 4026 .
288 3980 430 4038 mentario
439 3977 571 4053 hausi,‘et
580 3983 700 4061 propter
709 3971 1036 4042 citationes=innumeras
1044 3979 1188 4050 locomm,
1196 3997 1296 4066 rerum

325 4077 328 4086 ¹
791 4079 795 4122 ι
