2930 4660
370 299 993 408 'uorsstutuvnun-Lnu.
1126 338 1187 427 '¹7³

179 459 276 524 stetim
289 476 357 544 post
369 465 507 543 loquitur
519 464 667 524 iuvenalis
684 463 720 522 de
738 465 829 526 ultera
845 463 967 524 muliere
985 462 1132 535 decuere,
1146 459 1192 518 bis

182 561 298 625 ye'rbis:
1159 579 1162 586 ¹

361 641 432 690 Illius
444 657 565 690 occursus
578 641 651 688 etium
661 643 738 688 vitare
750 649 874 690 memento

250 769 253 772 .
360 723 393 768 In
406 721 479 786 eujus
490 719 606 768 manibus
616 736 679 776 ceu,
691 730 740 766 ste.

124 897 128 902 .
152 897 162 909 .
186 827 261 898 Quoe
273 827 383 892 nullum
393 827 513 880 consulit
523 823 577 900 (ut
589 822 722 900 superior
734 820 862 882 consulit
873 821 1081 900 Astrologos),
1093 815 1191 894 etjam

184 923 346 978 consulitur.
357 939 359 944 ’
368 923 405 978 H.

176 1053 230 1140 *ys
242 1051 318 1140 575.
338 1100 346 1115 .
373 1101 380 1116 .
407 1072 448 1116 .·.
473 1053 552 1134 Quae
570 1051 967 1140 castreviropatriamque
979 1037 1108 1140 petente

332 1147 490 1214 Nonibit
503 1148 657 1237 perirem]
689 1156 691 1163 '

226 1273 261 1346 1'd
274 1301 332 1358 est,
346 1287 443 1346 simul.
457 1287 504 1346 Sic
516 1286 670 1357 Pithoeus,
683 1285 840 1365 Rigaltius,
853 1287 1085 1366 Rapbeleugius:
1096 1299 1126 1346 at
1136 1305 1198 1365 our-

189 1385 260 1442 nino
274 1383 432 1462 legendum
446 1403 482 1442 ex
494 1404 542 1442 me
552 1427 560 1455 ,
568 1386 754 1460 patriamve:
768 1404 835 1442 uam
850 1397 942 1442 castra
955 1403 972 1441 a
985 1384 1077 1462 patria
1093 1383 1199 1444 ‹listu-

189 1493 328 1558 guuntur.
350 1483 388 1538 Η.

189 1633 221 1674 v.
245 1610 318 1676 580.
338 1593 442 1700 Aegra
454 1611 537 1682 licet.
543 1611 662 1697 jaceat,
676 1610 834 1700 capiendo
847 1571 1078 1677 nuliaridetur
1173 1650 1177 1661 ι

243 1720 249 1758 ¹
337 1707 454 1795 Aptior
467 1707 547 1770 hora
560 1707 632 1772 cibo
640 1756 649 1790 ,
657 1708 726 1771 'nisi
740 1730 838 1796 quam
850 1706 976 1773 dederit
988 1707 1173 1795 Petosiris]

198 1871 205 1882 ·
221 1851 260 1907 ’8.
272 1851 347 1927 Aug.
364 1851 395 1906 in
404 1851 510 1927 Expos.
521 1851 611 1928 Epist.
627 1848 664 1908 ad
678 1849 742 1912 Gal.
755 1871 818 1928 cap.
831 1851 930 1921 tdms
939 1853 999 1908 dies
1008 1831 1204 1927 Aegyptiacos
1255 1879 1260 1884 -

191 1945 290 2003 vocari
310 1947 366 2016 ait,
385 1947 416 2003 in
437 1944 545 2022 quibus
570 1945 682 2024 aliquid
705 1935 836 2004 inchoari
856 1958 906 2004 aut
925 1948 1133 2020 aedifieiorum,
1152 1959 1204 2006 aut

193 2033 574 2118 hujusmodi'quorumiibet
582 2025 706 2116 operum
717 2041 877 2099 infaustum
888 2043 1045 2119 putabant:
1057 2043 1097 2100 ita
1106 2055 1205 2102 autem

192 2135 366 2194 dicebantur
378 2135 415 2190 ab
426 2135 576 2209 Aegyptiis
590 2134 798 2193 observationis
811 2134 899 2214 hujus
912 2137 1089 2194 auctoribus.
1103 2140 1202 2195 Amm.

194 2229 313 2287 videtur
333 2228 453 2298 omniuo
472 2227 509 2284 ad
533 2227 612 2284 hune
634 2228 734 2284 locum
755 2229 924 2310 respexisse.
945 2229 1033 2286 Multi
1054 2231 1135 2313 apud
1155 2251 1205 2288 eos

195 2335 304 2402 negant
320 2325 381 2380 esse
396 2321 514 2398 superas
528 2333 685 2400 potestates
700 2322 730 2398 in
745 2321 837 2392 coelo,
854 2324 954 2380 necin
969 2323 1122 2400 publicum
1137 2345 1207 2403 pro-

132 2461 134 2466 .
149 2475 152 2482 ,
197 2418 307 2487 deunt,
322 2437 376 2476 nee
394 2417 554 2496 prandent,
571 2437 625 2475 nec
639 2417 728 2476 lavari
742 2407 919 2476 arbitrantur
936 2439 966 2476 se
980 2419 1093 2476 cautius
1106 2437 1208 2496 posse,

196 2503 354 2590 ¹antequam
377 2495 558 2590 ephemeride
584 2507 835 2590 scrupulosissime
862 2511 1006 2571 sciscitatd
1024 2512 1204 2585 didicerint,

197 2610 251 2667 ubi
263 2610 299 2667 sit
311 2631 339 2668 v.
353 2630 381 2689 g.
398 2611 514 2688 siguum
527 2608 681 2678 Mercurii,
696 2609 743 2667 vel
755 2621 894 2687 quautam
910 2607 1014 2668 Cancri
1026 2609 1128 2670 sideris
1140 2630 1208 2688 par-

198 2720 275 2778 tem,
290 2707 393 2786 polum
409 2708 592 2779 discurrens,
607 2707 737 2782 obtineat
750 2699 834 2766 luna.
852 2711 898 2779 C„

196 2873 230 2920 v.
247 2853 326 2920 585.
346 2856 508 2920 Divitibus
525 2851 676 2945 responsu
692 2849 817 2920 dabunt
832 2857 941 2945 Phryx
957 2879 1060 2947 augur
1080 2874 1112 2923 et
1129 2859 1206 2925 iude

208 2981 210 2986 ¹
347 2952 532 3018 Conductus
545 2945 635 3020 dabit
645 2969 803 3018 astrorum
818 2955 1165 3046 mu'udiqueperitus]
1276 3003 1280 3006 -

20 3117 24 3122 ·
213 3093 289 3180 ¹Sic
308 3092 447 3152 Pithoeus
466 3105 496 3152 et
514 3094 657 3174 Rigaltius
670 3117 683 3166 ¹:
704 3107 733 3153 at
754 3079 985 3174 Raphelengius‚
1004 3099 1132 3156 divitibus
1149 3117 1208 3156 res-

163 3194 170 3201 ’“
198 3196 297 3263 ponsa
317 3190 413 3258 dabit,
434 3187 539 3246 melius
559 3203 594 3248 ut
612 3190 747 3262 videtur,
766 3190 876 3248 scilieet
896 3197 997 3268 Augur
1016 3194 1118 3268 Phryx
1139 3206 1169 3252 et
1193 3215 1218 3251 e¹

201 3286 328 3361 Phrygia
342 3288 515 3359 conductus,
531 3287 584 3364 qui
594 3306 672 3346 unus
685 3287 823 3365 idemque
836 3301 889 3347 est.
910 3291 947 3346 H.

202 3439 236 3482 v.
254 3411 330 3483 618.
349 3413 517 3482 Ardebant
529 3397 644 3482 cuncte
656 3434 689 3482 et
690 3417 810 3507 fraud
824 3442 980 3510 compage
993 3417 1163 3510 ruebin‘t.]
1272 3456 1281 3471 x

244 3560 291 3616 Sic
299 3563 332 3616 P.
341 3559 479 3618 Pithoeus
490 3571 519 3616 et
530 3559 672 3642 Rigaltius
682 3571 711 3617 et
720 3561 825 3630 caeteri,
836 3561 927 3618 bene:
940 3573 969 3618 nt
977 3562 1207 3642 Rapheleugius,

87 3671 90 3680 ’
195 3657 289 3730 faetet
301 3656 457 3734 compage,
471 3641 548 3713 male
563 3673 599 3713 ex
611 3657 801 3734 typographia
814 3655 1001 3714 Plautiniana.
1023 3659 1061 3715 H.

149 3773 154 3783 ⁵
204 3789 239 3852 vl
253 3770 337 3852 661]
348 3759 483 3852 souma
494 3801 543 3852 ter
555 3791 756 3853 victimatus
770 3780 978 3870 medicamine
989 3777 1100 3884 regis]

247 3911 425 3970 Mithridatis
444 3911 589 3984 tersisti,
603 3930 709 3990 nempe
729 3930 745 3969 a
767 3909 847 3988 Sylla
857 3954 867 3983 ,,
878 3911 1003 3994 Lucullo
1018 3923 1049 3972 et
1061 3913 1211 3990 Pompeio.
1320 4000 1330 4011 .
