2930 4660
372 377 985 459 ιιῖοιιιιιίιιιιιιιιιιιιιι.
1125 384 1185 456 ιιι

171 508 252 580 lum,
264 510 342 568 male
354 531 361 566 ε
372 512 450 590 'quid
463 514 542 572 enim
556 513 604 588 bic
617 515 777 574 ridiculum
790 516 837 574 vel
853 516 885 574 iti
898 517 961 574 viro
973 545 983 584 ‚·
998 515 1022 574 si
1036 526 1104 592 post
1117 513 1189 572 lon«,
1202 543 1205 548 ·

175 625 241 683 gam
256 619 286 664 et
301 604 476 668 laboriosam
492 613 728 671 exercitationem
748 614 840 672 fessus
855 613 958 670 bibat?
972 613 1111 689 Designat
1123 629 1189 668 omn

172 701 244 758 nino
270 704 385 778 scaphii
404 705 523 763 nomine
545 706 693 764 luvenalis
714 711 863 764 matellam
873 751 883 778 ,
904 709 965 774 ιἰοιι
985 711 1190 765 ornamentum

173 797 293 874 capitis,
308 801 433 872 escofion
444 801 534 878 vailgo
549 799 662 860 dictum
681 821 699 859 a
718 803 848 878 scaphio.
863 799 957 880 Magis
971 802 1048 861 enim
1062 801 1188 860 derideri
1207 835 1209 840 ·
1235 853 1239 856 .

176 905 299 969 potuere
317 905 346 951 et
359 894 486 953 debuere
502 897 660 968 mulieres,
676 917 742 976 quaa
763 910 830 976 post
848 898 1032 976 gladiatorias
1047 897 1188 956 exercita·

175 989 270 1045 tiones
291 989 437 1050 matellam
461 993 613 1050 sumebant
637 992 752 1071 palam,
769 1007 803 1064 ut
814 995 987 1066 tneierent,
993 990 1099 1076 quiam
1122 1011 1188 1072 quae

99 1163 101 1168 ,
175 1081 328 1176 muliebria
342 1077 443 1166 capitis
459 1101 628 1148 ornamenta
641 1103 830 1150 resumerent.
853 1093 890 1149 Η.

174 1216 300 1305 ιι-ιγδ.
315 1217 480 1284 Uberibus
492 1242 617 1308 semper
628 1219 795 1308 lacrymas
808 1241 999 1310 semperque
1013 1219 1145 1308 paratis

319 1315 358 1378 In
370 1315 507 1378 statione
521 1337 578 1378 sua
587 1328 706 1402 ‚atque
718 1315 977 1405 exspectantibus
991 1315 1082 1382 illam
1089 1365 1100 1396 ‚
1159 1391 1161 1396 ,
1184 1371 1190 1378 .

322 1412 396 1495 Quo
410 1411 521 1505 jubeat
537 1419 667 1488 manare
681 1413 810 1503 modo]

222 1555 319 1631 Lego:
345 1615 347 1622 ,

360 1704 522 1726 ........
534 1681 610 1736 atqua
622 1671 840 1738 exspectantibus,
850 1671 905 1720 illas

354 1750 411 1812 Quo
422 1750 510 1816 jubeat
521 1763 619 1800 manare
629 1751 722 1811 modo,

15 1885 47 1910 a
81 1889 87 1895 ·
180 1851 285 1922 idest,
301 1853 465 1931 quomodo
485 1874 517 1910 sc
535 1873 651 1922 manare
669 1855 749 1912 velit.
769 1854 841 1926 Quis
860 1854 938 1914 enim
956 1854 1034 1912 dicat
1050 1850 1192 1930 lacrymas

180 1959 344 2024 exspectare
358 1949 530 2019 mulierem,
544 1948 604 2027 quo
620 1949 710 2012 modo
721 1950 833 2028 jubeat.
856 1953 893 2008 Η.

180 2108 213 2150 v.
227 2086 310 2150 306.
332 2087 347 2148 I
366 2109 473 2164 nunc,
489 2103 520 2149 et
538 2085 652 2151 dubita
667 2087 731 2176 qud
748 2089 875 2152 sorbeat
891 2095 964 2154 adra
977 2087 1080 2152 suenci

317 2179 445 2245 'Tullia
455 2181 466 2268 ]

224 2314 616 2406 AmmianusMarcellinns,
631 2320 683 2378 lib.
698 2321 786 2391 XIV,
803 2341 867 2410 cap.
886 2323 925 2393 6,
937 2322 977 2378 ait
993 2321 1123 2400 plebeios
1137 2341 1193 2399 pu-

180 2416 310 2494 gnaciter
325 2405 396 2472 aleis
410 2411 535 2485 certare,
555 2417 635 2492 turpi
650 2436 722 2472 sono
731 2404 862 2491 fragosis
880 2417 1007 2493 (rugosis
1024 2416 1121 2505 malo)
1139 2438 1195 2474 na·

181 2499 282 2570 ribbs
269 2525 419 2568 vetrorsum
433 2513 551 2569 reducto
564 2514 666 2587 spirim
681 2526 894 2588 concrepantes.
909 2515 974 2572 Hoc
987 2525 1031 2570 est
1040 2494 1154 2592 qu‚0d
1155 2515 1195 2571 ait

179 2611 282 2670 Petrus
303 2606 517 2666 Alexandrinus
539 2609 735 2686 Episcopus
727 2629 758 2666 ιιι
788 2609 923 2687 epistola
932 2609 969 2666 ad
992 2611 1134 2676 Ecclesiae
1154 2610 1193 2688 de

182 2707 274 2766 Lucio
288 2704 551 2783 pseudo-episcopo
565 2705 673 2766 Ariano
682 2717 732 2776 ,ct
744 2705 888 2764 militibus
898 2706 929 2764 in
939 2707 1097 2765 Ecclesiam
1110 2708 1147 2765 ab
1158 2727 1194 2766 eo

184 2800 357 2859 introductis
378 2801 472 2878 (hanc
492 2801 569 2858 Petri
586 2801 774 2860 Alexandrini
799 2802 934 2880 Episcopi
955 2803 1107 2880 epistolam
1126 2803 1193 2862 vide

182 2896 262 2974 apud
278 2897 489 2976 Theodoritum
503 2895 587 2954 ¹Eccl.
603 2898 676 2960 Hist.
698 2896 750 2955 lib.
773 2899 825 2967 IV,
841 2918 904 2977 cap.
926 2917 972 2954 aa.
983 2899 1011 2976 ):
1027 2889 1100 2952 lucei
1115 2899 1192 2950 τοίνυν

182 2989 245 3062 iacet
261 2999 332 3068 ὀργῆς
347 2999 426 3072 ιιιιιὺηΙ
437 2994 608 3062 suspirasset,
619 2997 799 3066 ιιιιτερτισμίνιι
811 2997 843 3056 εἰς
854 2997 984 3054 dauhtar,
997 2997 1040 3052 ais
1051 2997 1109 3066 ῥῖνα.
1118 2995 1194 3065 σιμώ·

184 3109 285 3156 σαντες,
299 3092 370 3162 ψόφον
384 3093 476 3162 ἀσελγῆ
492 3085 536 3143 bt
556 3097 604 3144 τῶν
621 3091 746 3163 μυκτήρων
762 3093 866 3162 μακρὸν,
881 3092 923 3149 sat
937 3091 967 3144 ἶν’
981 3091 1056 3152 istoc
1072 3091 1173 3156 alatus
1162 3112 1195 3153 ως

185 3187 233 3240 ἀπὸ
245 3193 339 3258 κρουνοῦ
350 3191 508 3258 πριχέιιτις
518 3188 562 3244 τὴν
575 3188 618 3258 μὲν
631 3192 722 3243 ἐσθῆτα
733 3184 798 3259 diiii
799 3209 873 3244 ησσον
884 3195 933 3240 τῶν
947 3189 1020 3260 ipius
1030 3193 1121 3260 Χριςοῦ
1133 3207 1199 3276 stap-

184 3279 285 3338 disus
270 3307 301 3338 ων
320 3288 335 3342 tl
352 3287 452 3346 ἄσκησις
468 3305 543 3338 τυπιι
561 3283 634 3357 ἁγίων
657 3284 786 3356 tis-fill'ns
776 3275 923 3357 exspectarim
916 3289 971 3347 tiss·
986 3285 1038 3341 Isn
1050 3303 1137 3355 vero
1150 3295 1195 3340 ut·

88 3359 104 3396 ⁸
163 3394 255 3459 ,pote
273 3401 339 3438 vasa
361 3381 410 3438 irae
434 3381 471 3438 ad
496 3382 617 3439 exitium
639 3393 816 3460 praeparata,
835 3401 962 3459 expanso
984 3399 1054 3438 naso
1077 3392 1195 3456 turpem

187 3483 293 3536 'sonum
310 3489 362 3556 pet
382 3497 465 3535 nares
480 3477 620 3549 edentes,
643 3490 672 3535 et
692 3477 788 3546 tubis,
800 3489 834 3534 ut
852 3461 892 3534 ita
909 3477 1022 3548 dicam,
1038 3496 1071 3533 ac
1090 3476 1197 3533 fistulis

185 3560 291 3652 procul
307 3574 489 3644 emittentes,
507 3586 669 3631 sanctarum
688 3573 794 3632 Christi
814 3573 959 3650 virginum
977 3585 1086 3630 vestem
1106 3573 1207 3630 disci-³

188 3671 314 3742 derunt3
333 3671 465 3748 quarunt,
480 3670 664 3728 continentia·
677 3681 843 3728 sauctorum
862 3669 1043 3748 Angelorum
1065 3669 1199 3738 similitu?
1238 3695 1239 3702 ι

188 3767 288 3829 dinem
298 3767 381 3845 expri
412 3767 486 3836 ebat.
501 3766 547 3823 sic
559 3767 683 3844 Severus
695 3766 896 3824 Minoricensis
906 3759 1068 3844 Episcopus
1079 3764 1198 3842 aequalis

189 3863 313 3920 Honorii
326 3788 408 3940 Aa?
418 3861 449 3920 in
462 3851 584 3939 epistola
593 3860 663 3918 'data
678 3862 715 3920 ad
733 3881 834 3920 omnes
852 3862 1012 3940 Episcopos
1028 3862 1064 3919 de
1078 3861 1197 3919 Meletio

191 3960 320 4041 quodam
330 3973 382 4042 ’1⁶¹
396 3958 503 4042 adiecit
513 3957 603 4018 ctiam
620 3957 714 4035 illud,
728 3971 761 4032 ut
778 3957 866 4034 rerba
884 3959 1018 4042 quaedam
1037 3959 1157 4040 profana
1170 3970 1200 4018 et
