2930 4660
263 353 324 440 ¹74
473 345 1044 416 11.ETG.vA-LE810RUM

258 477 295 532 Α.
306 472 481 539 Gelliualib.
491 476 594 543 xvn,
604 493 669 551 cap.
679 473 730 530 16:
744 469 1017 528 «AnnasPamaas
1025 463 1269 528 dicituredandis

259 569 272 622 i
284 569 372 648 vulgo
384 570 502 636 venenis
513 557 653 628 victitare.
668 570 816 647 Scriptum
824 568 915 626 ,etiam
926 586 943 624 a
954 569 1059 622 Lenaeo
1071 567 1124 622 Cn.
1134 559 1269 637 Pompeii

258 690 271 716 ι
281 665 401 733 liberto,
411 665 610 722 Mithridatem
619 667 700 720 illum
709 665 799 721 Ponti
808 682 913 738 agam,
925 660 1076 719 medicinae
1085 659 1129 716 rei
1136 669 1165 714 et
1173 674 1269 714 reme-

259 760 399 820 «diorum
408 759 439 816 id
448 780 540 838 genus
552 761 689 818 solertem
699 761 799 832 fuisse,
810 764 980 836 solitamque
988 777 1088 814 earnm
1098 755 1268 830 sanguinem

258 881 272 910 a
282 859 398 914 ms'scere
409 859 714 934 medicamentis,'qaoe
725 859 885 933 digerendis
894 855 1014 913 venenis
1022 856 1134 922 valent,
1146 869 1269 925 eumque

257 943 447 1028 «sangaaiaem
464 958 516 1011 vel
523 957 755 1029 potentissimum
773 974 833 1010 esse
850 955 880 1008 in
898 973 935 1009 ea
953 951 1153 1024 confectione:
1169 948 1269 1026 ipsum'
1300 949 1306 962 ¹

258 1062 379 1107 «antem
396 1070 494 1128 regern
514 1050 632 1108 assiduo
652 1051 755 1110 talium
775 1049 956 1108 medelarum
973 1066 1030 1104 usu
1047 1067 1064 1104 n
1081 1042 1267 1104 clandestinis

259 1145 435 1222 «epularum
449 1144 561 1202 insidiis
574 1147 692 1202 cavisse.
707 1171 719 1198 s
735 1147 772 1202 Et
784 1144 887 1204 Paullo
899 1157 975 1222 post.
993 1143 1110 1220 «Hujus
1123 1141 1198 1218 regis
1211 1159 1266 1197 an-

242 1239 393 1308 'stidotus
412 1239 637 1298 celebratissima
652 1254 713 1310 est,
728 1241 794 1318 ‘luae
807 1241 1004 1298 Mithridatios
1018 1249 1174 1296 vocatur.»
1190 1236 1266 1292 Hinc

256 1323 378 1392 antica
392 1345 436 1392 ter
449 1337 519 1393 victi
532 1339 726 1394 medicamina
741 1338 817 1416 regis
836 1336 956 1396 omnino
974 1325 1108 1393 iuvenali
1128 1329 1268 1390 dicuntur

256 1419 454 1488 ab*Aaatibus
473 1433 599 1489 Ponticis
617 1433 656 1491 ob
679 1452 796 1490 causam
817 1433 952 1510 superius
972 1421 1104 1500 allatam,
1117 1448 1176 1486 non
1196 1448 1276 1504 veno¹

258 1539 411 1607 propterea
433 1528 515 1604 quod
536 1527 719 1586 Mithridates
744 1549 796 1586 rex
821 1530 906 1587 Ponti
931 1539 1015 1585 esset.
1039 1519 1200 1595 Caeterum,
1217 1521 1266 1582 hic

257 1645 377 1702 quoque
396 1625 560 1684 notandum
577 1636 620 1682 est
638 1644 675 1682 ex
696 1625 792 1682 Gellia
812 1624 1012 1683 Mithridatem
1031 1642 1092 1682 non
1111 1624 1163 1701 (ut
1176 1621 1269 1700 vulgo*

254 1720 355 1797 aiunt)
371 1721 491 1778 venenis
503 1720 693 1790 victitavisse‚
707 1733 737 1778 at
757 1719 809 1778 sni
828 1721 960 1778 antidoto
984 1721 1097 1778 firmam
1118 1719 1191 1778 adeo
1210 1719 1265 1778 sihi

255 1835 436 1894 comparasse
446 1815 661 1888 valetudinem,
672 1829 723 1887 ut,
735 1815 804 1874 ciam
815 1837 831 1874 a
841 1818 981 1876 Romanis
990 1818 1086 1876 victus
1093 1815 1265 1874 decrevisset
1328 1860 1332 1866 .

212 1956 213 1960 ,
255 1911 348 1982 mori3
364 1911 532 1970 festinandae
547 1913 627 1970 necis
640 1911 730 1991 gatis
743 1933 853 1972 venena
867 1911 1077 1980 violentissima
1092 1911 1197 1970 frustra
1212 1931 1265 1970 ex-

255 2020 371 2087 pertus,
387 2027 441 2066 suo
456 2028 487 2066 se
502 2009 564 2088 ipse
580 2008 678 2088 gladio
692 2008 871 2068 transfodere
883 2022 1001 2068 coactus
1012 2009 1109 2067 fuerit.
1131 2012 1163 2068 C.

619 2190 901 2212 mmmm

370 2319 524 2376 uorsa
551 2319 601 2375 ru
628 2319 848 2378 serrula
875 2317 1142 2376 sarcinata

253 2508 284 2548 v.
308 2507 358 2548 12.
379 2483 598 2572 Halcyoneus,
612 2435 735 2546 Bacchi
749 2483 897 2565 Thebas,
911 2498 944 2549 ct
961 2485 1062 2550 Terea
1079 2484 1201 2548 Fausti.
1212 2485 1229 2570 J
1264 2499 1266 2504 '

293 2637 372 2710 Lego
387 2644 416 2689 et
428 2632 604 2710 interpungo
619 2630 676 2688 hoc
689 2631 780 2689 modo
793 2632 926 2690 omniurn
938 2633 1069 2710 primus.
1113 2635 1118 2644 ’

385 2803 391 2818 ‚
427 2746 582 2810 halcyonem
595 2745 676 2806 Bassi,
689 2745 787 2796 Thebas
797 2758 820 2796 et
829 2749 905 2796 Terea
914 2750 1002 2796 Fausti.

250 2853 434 2925 Halcyoaem
446 2853 549 2919 Bassi,
562 2849 594 2909 id
607 2863 669 2924 est,
683 2851 775 2909 Saleii
779 2853 868 2912 Bassi
872 2892 882 2922 ,
896 2855 990 2930 poetae
1000 2852 1137 2928 celebris,
1149 2867 1178 2912 at
1186 2873 1262 2932 pau-

252 2945 343 3024 peris,
357 2956 488 3026 tempore
499 2945 666 3004 Flaviorum
678 2946 859 3024 principum:
876 2947 989 3004 Thebas
999 2962 1030 3006 ct
1041 2952 1131 3010 Terea
1143 2929 1246 3006 Fausti
1247 2973 1260 3022 ‚-

252 3040 284 3098 id
301 3053 361 3111 cst,
374 3041 533 3124 tragoedias«
545 3040 691 3116 hasdues
710 3063 726 3099 a
746 3047 854 3098 Fausta
873 3047 961 3121 poeta
974 3045 1165 3123 compositas.
1181 3045 1262 3118 Quid

252 3139 331 3196 enim
351 3148 395 3195 est
412 3135 524 3196 Bacchi
539 3137 675 3195 Thebas?
687 3139 760 3211 Quis
775 3139 867 3196 nescit
884 3139 999 3198 Thebas
1016 3140 1120 3200 Bacchi
1137 3142 1261 3221 patriam

250 3235 332 3294 csse?
352 3239 385 3294 C.
1225 3239 1237 3254 ⁹

251 3409 281 3449 v.
301 3383 341 3448 23
347 3430 530 3448 ......
556 3385 665 3472 Atque
679 3385 753 3452 ideo
769 3409 886 3452 croceae
899 3387 1088 3454 membrana
1103 3389 1230 3454 tabellae
1258 3364 1268 3442 ¹-

380 3482 555 3569 lmpletur,
568 3479 647 3569 etc]

291 3641 335 3698 lta
349 3639 411 3697 duo
424 3638 579 3698 iuvenales
592 3640 651 3698 mei
665 3661 672 3696 :
687 3653 717 3699 at
730 3645 763 3702 1².
780 3641 920 3703 Pithoeus
932 3643 1041 3704 habet:

417 3813 418 3818 ¹
423 3788 585 3806 .......
604 3757 748 3822 atqaeideo
762 3759 848 3811 crocci
860 3761 1004 3812 membrana
1015 3761 1104 3812 tabelli

426 3833 554 3898 Impletus.
1035 3886 1038 3892 ,
1117 3883 1120 3890 .

1078 3911 1116 3969 Η.
