2930 4660
296 370 358 434 aod
469 312 473 320 1
508 369 549 434 Η.
573 367 639 432 ΕΤ
661 369 696 432 C.
718 363 1075 452 VALESIORUM

293 515 324 557 v.
340 490 391 581 75.
407 489 551 556 Tandem
570 492 669 556 intrat
682 491 799 580 positas
815 489 939 554 inclusa
953 511 1010 578 per
1022 507 1152 574 aequora
1166 484 1298 573 moles]

333 634 369 692 Id
390 645 448 706 est,
463 647 497 692 ut
517 645 590 712 puto
608 634 728 692 omnino
742 653 749 688 :
764 633 852 690 intrat
870 649 987 708 aquom
1005 627 1116 686 inclusa
1135 625 1299 706 permolor

293 731 418 808 positas,
430 729 486 788 hoc
503 742 563 800 est,
577 728 688 787 inclusa
701 728 828 786 molibus
837 727 931 806 jactis.
953 727 990 782 ll.

292 901 321 943 v.
338 881 390 968 76.
408 878 672 967 Tyrrhenamque
688 877 835 958 Pharon,
850 890 1063 966 porrectaque
1077 871 1210 938 brachia
1224 895 1299 986 rur-

410 1001 623 1260 puffsseqago
639 1087 772 1138 crurunt
787 1069 916 1152 medio,
933 1071 1093 1160 longeque
1109 1069 1299 1156 relinquunt

429 1173 545 1238 taliam.
1204 1191 1207 1198 ·

330 1311 544 1384 stesichorus,
559 1311 702 1391 Rigaltius
716 1325 746 1372 et
758 1323 842 1370 vetus
855 1311 996 1388 interpres
1008 1306 1173 1386 explicans,
1188 1307 1300 1362 intrant
1397 1287 1400 1294 ¹

291 1430 381 1467 mare.
396 1413 434 1467 At
447 1409 680 1487 Raphclengius‚

303 1569 313 1583 ,
464 1525 528 1588 Quae
540 1527 628 1592 pelago
642 1525 869 1576 occurruntmctlio.

288 1629 391 1688 Malim
405 1641 573 1698 occurrunt,
588 1628 670 1706 quod
683 1629 757 1687 hene
770 1628 928 1705 respondet
933 1627 1084 1704 maccus.
1105 1624 1143 1682 Η.

288 1776 386 1856 ν.“84.
405 1777 559 1864 Sertaque
571 1775 706 1840 delubris
719 1737 752 1840 et
766 1777 851 1840 farra
864 1759 1161 1864 imponite'cultris,
1184 1829 1187 1836 .

403 1877 452 1940 Ac
463 1876 575 1942 molles
585 1890 698 1940 ornate
708 1875 813 1957 focos,
823 1875 1015 1964 glebamque
1025 1873 1201 1952 virentem,
1213 1869 1293 1958 atu]

326 2021 406 2096 Quid
423 2036 467 2082 est
485 2023 562 2096 hoc,
580 2035 656 2082 serta
678 2025 801 2080 delubn’s
822 2023 992 2102 imponere?
1010 2020 1178 2100 Legendum
1198 2031 1291 2097 puto:

286 2133 417 2196 sertaque
425 2120 558 2196 polubris
574 2119 623 2177 vel
631 2120 776 2195 pollubrir
782 2139 794 2189 ,·
810 2120 958 2182 delubrum
971 2117 1049 2175 enim
1063 2130 1123 2187 est,
1138 2113 1292 2188 anticipare«.

260 2276 262 2286 ¹
285 2217 367 2280 ξόανον
378 2235 393 2282 ,·
406 2216 519 2288 ἀνάθημα
530 2254 537 2276 ,
548 2237 595 2280 ‚ex
616 2217 762 2276 veteribus
784 2215 1001 2294 grammaticis:
1015 2217 1172 2291 polubrum
1194 2225 1294 2272 autem

284 2312 443 2390 poculum,
458 2333 511 2372 scu
523 2315 622 2393 potius
635 2333 703 2384 vas,
720 2312 803 2392 quod
817 2317 931 2370 trullum
945 2331 1100 2381 vocamus,
1116 2310 1155 2368 ait
1169 2310 1293 2368 Nonius.

282 2409 389 2466 Fabius
409 2410 520 2480 Pictor,
537 2410 589 2469 lib.
611 2412 703 2481 XVI,
720 2430 826 2488 aquam
847 2409 981 2468 manibus
1003 2407 1185 2486 pedibusque
1204 2406 1292 2463 dato:

276 2507 433 2580 polubrum
456 2506 569 2564 sinistra
591 2525 680 2564 manu
701 2517 801 2564 teneto
821 2505 922 2582 (unde
944 2525 1050 2582 aquam
1073 2503 1196 2583 pedibus
1214 2503 1289 2580 des)

284 2599 384 2658 dextra
395 2619 495 2659 vasum
506 2621 574 2660 curn
585 2620 661 2678 aqua
676 2599 773 2679 (unde
784 2621 889 2678 aquam
901 2600 1035 2659 manibus
1045 2599 1209 2676 infundas)
1222 2599 1294 2656 Haec

282 2708 381 2778 autem
397 2698 525 2772 polubra
549 2713 655 2774 aquam
679 2695 866 2754 continebant
887 2694 1041 2755 abluendis
1066 2707 1132 2773 post
1155 2693 1293 2752 immola-

253 2803 255 2808 ’
284 2792 394 2850 tionem
407 2793 547 2864 victimis3
565 2805 638 2851 serta
652 2813 721 2851 vero
741 2806 770 2851 et
787 2812 902 2851 coronae
919 2793 1066 2850 ‘sacrificiis
1083 2791 1293 2862 inserviebant,

283 2907 351 2945 nam
362 2900 391 2946 et
402 2883 591 2947 sacrificantes
603 2889 817 2948 coronabantur
828 2903 857 2947 et
867 2909 923 2947 arae
934 2890 1014 2948 frons
1026 2907 1077 2946 seu
1091 2907 1156 2966 pars
1166 2888 1293 2945 anterior

283 2986 365 3042 sertis
379 2985 513 3043 redimita
527 2998 587 3044 crat
602 2987 634 3044 in
648 2984 771 3045 modum
791 2984 967 3064 hemicycli,
980 2985 1017 3042 ab
1036 2997 1162 3062 utroque
1177 3003 1232 3042 arae
1245 2982 1293 3041 la·

284 3092 344 3137 tore
358 3078 591 3159 dependentibus
603 3082 714 3152 fasciis,
727 3081 836 3158 quibus
849 3082 945 3138 vincta
958 3094 1039 3139 erant
1045 3123 1056 3152 ,
1070 3093 1105 3138 ut
1117 3080 1249 3138 videmus
1260 3079 1293 3138 in

266 3177 423 3254 'nummis
438 3177 485 3234 Sic
503 3189 532 3234 et
550 3176 660 3235 lebetes
677 3177 905 3248 coronabantur,
916 3187 946 3236 ct
962 3177 1091 3256 tripodes
1104 3195 1138 3236 ac
1151 3175 1289 3236 canthari.

283 3273 422 3350 Sequitur
433 3273 512 3352 apud
525 3273 695 3331 Iuvenalem
707 3296 715 3329 ε

457 3390 496 3438 Ac
510 3390 595 3438 molles
610 3401 697 3438 ornate
710 3391 794 3460 locos,
804 3405 921 3456 aramque
932 3391 1061 3440 virentem.

282 3492 320 3550 Id
337 3505 399 3563 est,
413 3513 492 3552 aram
514 3494 689 3572 cespiticiam
711 3505 741 3551 et
763 3494 1003 3552 tumultuariam:
1019 3493 1070 3552 sed
1090 3497 1189 3559 molles
1200 3493 1289 3567 socos

283 3589 432 3667 quidest?
444 3593 571 3662 ornate,
583 3589 684 3662 idest,
696 3603 793 3668 parate
807 3591 886 3670 ignes
897 3591 928 3648 in
941 3589 1033 3648 altari.
1045 3595 1085 3649 Ut
1097 3588 1208 3668 placavi
1219 3589 1292 3646 Tar·

282 3687 384 3764 peium
401 3687 432 3746 in
453 3705 506 3746 suo
526 3687 656 3765 templo,
669 3687 763 3745 vitulo
783 3707 876 3759 caeso,
890 3687 929 3745 ita
950 3687 1147 3744 trenortium
1168 3683 1291 3764 placabo

281 3786 300 3840 J
302 3803 401 3853 ovem,
412 3782 509 3856 idest,
520 3784 601 3842 domi
609 3789 711 3843 lovem
722 3783 918 3842 domesticum·
925 3783 1047 3862 placabo
1058 3782 1211 3853 sacrificio;
1220 3797 1291 3840 nam

281 3879 367 3939 initio
378 3881 470 3939 satirae
480 3883 521 3939 ait
531 3882 625 3939 hortm
638 3885 761 3958 Tarpeio
774 3895 885 3940 servata
893 3883 972 3953 lovi,
985 3883 1110 3948 anulus.-
1122 3879 1247 3948 scilicet,
1259 3879 1292 3937 iu

283 3977 394 4056 templo
414 3979 494 4063 lovis
515 3977 672 4058 Capitolini
692 3978 823 4040 victimas
847 3976 1027 4052 immolabat,
1045 3975 1098 4040 sed
1118 3988 1147 4038 et
1166 3975 1293 4070 domum
