2924 4662
399 325 455 402 IN
477 327 652 394 suvnN.
680 323 910 394 SATIRAM
931 327 973 391 X.
1128 323 1189 390 305

228 450 264 512 V.
275 451 303 511 d.
315 451 360 510 Di
354 453 486 530 sacries]
499 453 629 534 Satirice,
642 451 679 509 ad
689 451 764 510 mala
775 450 935 531 peragenda
944 447 1057 508 faciles:
1067 446 1114 506 rel
1124 447 1191 506 ideo

190 546 306 618 faciles,
319 550 388 626 quia
401 568 501 626 preces
516 547 617 605 stultas
630 546 763 604 audiunt.

230 644 307 702 Ibid.
318 649 455 724 Nocitura
465 645 553 722 tege]
565 643 740 721 Optantibns
750 641 915 719 dignitates:
926 643 1057 700 nocitura
1065 640 1095 698 in
1106 659 1191 718 pace,
1250 671 1254 688 ‹

193 751 223 797 et
236 741 267 798 in
280 740 369 799 bello.
896 799 898 806 ,

232 840 267 893 V.
278 857 305 912 9.
314 819 434 892 Terrena
443 837 560 892 dicendi
564 833 669 912 copim]
677 833 839 892 Abundans
846 832 1024 910 eloquentia,
1034 845 1084 890 aut
1093 831 1195 889 fluens.

102 931 104 935 ⁴
184 981 189 992 .
231 935 266 988 V.
286 951 330 990 ιο.
348 933 457 988 Viribus
476 933 525 987 ille
540 929 683 1006 confisus]
701 933 742 988 Ut
758 929 830 986 Milo
847 930 1041 998 Crotoniates,
1056 929 1107 1004 qui
1125 929 1195 984 ciim
1259 929 1260 933 ’

172 1005 308 1086 *arbores
327 1026 461 1086 manibus
483 1025 643 1097 scinderet,
657 1024 776 1084 brachia
796 1017 858 1103 ejus
881 1037 1020 1102 occupata
1039 1037 1122 1093 sunt,
1136 1036 1194 1081 eta
1236 1035 1240 1044 ·

191 1123 270 1202 lupis
284 1135 476 1200 consumptus
490 1135 543 1181 est.
1204 1111 1206 1114 ¹

232 1223 269 1276 V.
287 1221 331 1276 13.
342 1219 528 1296 stranguere]
543 1218 708 1296 Apoplexin
723 1218 798 1296 passi
813 1217 986 1274 moriuntur.
1032 1255 1035 1262 ,

234 1318 271 1372 V.
289 1322 334 1382 14.
348 1317 475 1371 Baloena
492 1314 684 1392 Britannice]
699 1311 871 1392 Metaphora
881 1313 913 1370 in
927 1312 1093 1384 Tiberium,
1107 1324 1137 1370 et
1149 1310 1196 1370 di-

196 1412 277 1469 vites.
710 1419 712 1426 ‘
881 1435 883 1440 ·

154 1545 157 1550 -
235 1511 272 1565 V.
291 1506 335 1563 15.
354 1501 538 1582 Temporibus
552 1506 642 1585 diris]
657 1505 825 1583 Tyrannicis
838 1505 967 1563 scilicet:
985 1501 1059 1584 clun
1064 1503 1196 1582 jussisset
1295 1526 1301 1540 ¹

196 1605 274 1662 Nero
289 1622 388 1661 omnes
402 1603 540 1680 praedari,
552 1603 589 1660 ad
608 1603 710 1661 domos
727 1601 851 1660 divitum
868 1600 975 1658 milites
988 1610 1194 1668 cucurrerunt,

197 1699 283 1776 pauci
299 1698 336 1756 ad
349 1698 451 1758 domos
464 1713 636 1776 pauperum.
707 1707 710 1714 “
1212 1687 1216 1692 ’

159 1797 161 1804 ’
222 1799 272 1854 V.
286 1816 331 1872 19.
341 1798 442 1874 Rauca
452 1796 538 1874 licet]
548 1796 629 1854 Licet
637 1794 750 1854 modica
762 1795 816 1854 tibi
825 1795 862 1852 sit
870 1790 1084 1861 resiamiliaris,
1093 1789 1198 1848 metuis

196 1905 293 1949 tamen
305 1891 446 1969 impetum
457 1891 556 1949 militis
566 1893 707 1950 aTiberio
719 1893 798 1950 missi
809 1889 1096 1969 adproscriptionem
1106 1875 1196 1945 tuam.

237 1989 272 2042 V.
286 2006 332 2044 21.
345 1991 384 2044 Et
394 2000 481 2042 motae
490 1988 665 2066 adiuuem]
681 1993 721 2048 Ut
731 1987 888 2067 Virgilius:

374 2137 381 2149 .
402 2107 415 2148 .“
428 2137 435 2149 .
456 2136 462 2148 .
481 2102 559 2150 Simul
570 2103 623 2168 ipsa
636 2104 732 2151 silentia
744 2113 845 2150 terrent.

237 2206 274 2261 V.
289 2214 335 2273 al..
352 2208 390 2261 Ut
402 2207 534 2260 inaxima
550 2218 605 2261 toto
625 2218 719 2260 nostra
737 2208 775 2261 sit
787 2226 857 2262 arca
866 2207 958 2285 forn]
972 2210 1072 2286 Usque
1090 2205 1127 2266 ad
1145 2210 1200 2265 Ce-
1220 2283 1222 2288 Ι

200 2299 307 2358 realem
317 2300 359 2378 (ι)
371 2298 558 2376 praeseetum,
572 2300 602 2356 in
616 2299 681 2357 foro
694 2301 806 2378 Trajani
820 2319 896 2358 arcas
909 2302 1073 2360 habuerunt
1086 2314 1200 2359 senato-

200 2413 266 2464 res,
287 2395 446 2473 inquibus
467 2406 639 2473 argentum,
660 2407 710 2452 aut
733 2396 870 2472 pecunias
893 2399 983 2455 tutius
1006 2397 1199 2476 deponebant.

200 2495 354 2570 Propterea
363 2504 391 2550 et
400 2492 483 2549 locus
494 2481 554 2569 ipse
564 2492 594 2550 in
603 2503 665 2570 quo'
673 2504 753 2550 erant
760 2513 833 2551 arcae
842 2493 942 2571 positae
952 2515 1022 2572 opes
1031 2494 1113 2552 dietae
1123 2507 1199 2552 sunt.

238 2591 274 2644 V.
290 2587 336 2646 25.
348 2591 470 2645 Aconita
491 2589 622 2644 bibuntur
629 2589 790 2662 fictilibus]
808 2588 843 2645 Id
862 2603 921 2660 est,
936 2601 1077 2668 pauperes
1090 2609 1200 2652 venena

199 2705 259 2744 non
276 2685 387 2743 timent.
406 2687 442 2742 Et
459 2684 533 2742 bene
554 2689 656 2763 polita,
671 2698 704 2742 ut
719 2685 883 2743 ostenderet
900 2699 1098 2764 paupertatem
1113 2687 1201 2744 inno-

201 2801 285 2840 cuam
300 2801 316 2838 a
333 2782 468 2852 crimine,
484 2793 513 2838 et
531 2781 643 2840 divitias
663 2781 746 2838 malis
766 2801 931 2859 oppressas,
947 2802 1013 2840 rasa
1032 2783 1145 2860 potoria
1162 2781 1201 2858 ad

201 2876 453 2934 demonstrandam
466 2877 658 2935 diversitatem
672 2877 779 2952 posuit.

211 2969 214 2974 ’
240 2977 278 3029 V.
295 2993 341 3044 27.
354 2977 393 3029 Et
406 2977 464 3029 lato
478 2974 624 3058 Setinum]
638 2973 747 3030 Vinum
765 2991 781 3029 a
803 2973 892 3030 Setio.
912 2975 948 3029 In
963 2985 1076 3045 aurata,
1091 2976 1201 3053 inquit,

201 3068 300 3147 phiola
311 3063 379 3125 ciam
388 3069 489 3126 vinum
500 3068 663 3126 coloratum
675 3067 819 3145 acceperis
827 3068 884 3146 (a),
897 3067 967 3126 time
980 3088 1097 3127 venena.
1111 3075 1146 3128 Et
1159 3089 1202 3128 ar-

203 3164 301 3236 debit,
314 3165 494 3242 quintinum
505 3164 679 3240 splendescit
692 3165 722 3222 in
734 3184 820 3221 auro..

184 3267 185 3274 ’
240 3264 277 3317 V.
299 3261 344 3317 33.
367 3262 536 3315 Pulmonem
553 3262 692 3334 agitare]
715 3260 789 3333 Quia
806 3280 842 3319 ex
859 3261 958 3339 splene
978 3261 1068 3318 risum
1088 3261 1208 3333 ducunt,

202 3357 292 3436 gigni.

243 3455 282 3508 V.
294 3451 340 3508 35.
350 3454 517 3523 Praetexta]
530 3457 661 3524 Quarum
673 3452 847 3530 Tarquinius
859 3454 972 3512 Priscus
983 3471 1069 3511 usum
1080 3454 1203 3526 invenit,

202 3559 233 3616 ct¹
246 3550 346 3606 Romae
359 3547 474 3619 intulit,
489 3547 643 3625 palmatam
656 3547 734 3604 dicit.

238 3645 276 3701 V.
287 3646 334 3702 38.
345 3649 382 3702 In
393 3631 488 3701 tunica
495 3646 594 3713 Iovis]
603 3647 740 3722 Mappam
749 3645 910 3702 mittentem
919 3646 950 3703 in
958 3645 1042 3702 Circo
1050 3646 1201 3704 consulem

203 3741 340 3800 describit
355 3745 449 3818 podta.
467 3743 540 3797 Nam
557 3739 684 3796 tunicam
703 3741 801 3810 Jovis,
820 3753 917 3818 togam
936 3741 1091 3818 palmatam
1110 3741 1205 3813 dixit,

205 3840 292 3916 Tyria
305 3857 434 3918 purpura
448 3837 625 3906 confectam,
641 3834 697 3893 hoc
710 3849 753 3892 est
766 3839 948 3894 Sarrana:ut
957 3837 1115 3915 Virgilius:
1148 3903 1150 3908 Ι
1230 3827 1234 3834 ’

376 3951 410 3998 Ut
419 3966 512 4018 gemma
521 3951 603 4012 bibat,
614 3961 638 4002 st
646 3955 748 4003 serram
759 3951 863 4002 dormiat
872 3963 946 4004 orno.
