2924 4662
149 337 158 359 ·
236 317 302 384 ms
442 312 594 382 vnrr.
622 315 1036 404 commentaire

187 457 188 460 ’
273 443 311 497 V.
336 395 401 498 155.
427 443 492 513 Quo
507 442 576 511 jum
598 453 741 508 ntemtor
754 445 879 510 latore]
901 438 984 518 illud
1000 433 1142 516 mett
1154 436 1242 514 ’17111111

234 537 336 598 Romae
350 538 381 594 in
400 531 521 614 porticu
532 539 718 616 Trajonaram
737 537 945 605 Thermarum,
961 549 1093 612 ternpore
1104 536 1244 598 &termae

233 633 342 690 liorum
351 632 487 710 sigillaria
497 645 578 690 sunt:
586 635 669 691 Tunc
681 645 856 692 mercatores
866 651 945 690 coms
956 631 993 690 do
1005 630 1101 690 linteis
1113 629 1241 697 faciunt,

234 729 344 808 quibus
353 730 498 806 picturum
506 729 551 807 (5)
564 729 688 788 obitam.
698 730 770 788 Ideo
779 728 974 798 autemdicit,
984 727 1241 786 mercatoriam:

234 825 375 903 quoniam
395 837 480 882 antea
499 826 530 884 in
551 827 667 904 portien
688 826 925 903 Agrmpimrum
938 822 1075 901 sigillaria
1092 837 1243 900 propone-

233 922 360 992 bantur,
372 922 403 978 in
420 941 479 1000 qua
494 923 610 1000 porticu
625 921 744 980 historia
758 927 992 999 Argonautarum
1003 918 1120 1000 depicta
1134 929 1196 986 est,
1212 927 1243 978 et

234 1037 307 1076 caste
321 1015 390 1076 oiim
403 1018 521 1088 fierent,
534 1018 654 1096 picture
668 1017 828 1080 obsotme
1143 1053 1147 1062 ·

268 1117 306 1171 V.
323 1112 388 1171 155.
406 1115 537 1172 Grandia
551 1117 610 1172 roll.
624 1113 831 1190 chrystallum]
846 1113 894 1172 Sic
906 1123 937 1172 et
950 1109 1139 1178 Cimdicit:
1236 1169 1243 1186 ⁴

284 1271 286 1274 -
299 1273 311 1291 .-
409 1241 490 1302 Atque
501 1237 593 1287 imitata
603 1239 673 1288 nives
682 1238 770 1286 ludens
778 1233 870 1302 legitor
880 1235 1033 1302 1111711ιῦ11.

274 1353 311 1408 V.
327 1351 392 1410 156.
409 1353 583 1428 Myrrhina]
596 1355 640 1410 De
652 1351 770 1409 murrha
784 1349 891 1429 pocula
904 1349 1085 1407 tinctrsacta.

273 1447 351 1504 Ibid.
376 1451 538 1519 Berricen]
560 1450 698 1506 Beronice
725 1467 808 1504 soror
830 1445 999 1516 Ptolemaei,
1020 1465 1122 1503 verum
1144 1445 1243 1522 neptis

232 1542 362 1621 'Augusti
375 1543 471 1613 dulia,
487 1564 555 1602 cum
569 1565 628 1622 qua
641 1543 786 1601 commisit
798 1544 959 1611 incestum,
972 1553 1002 1600 et
1016 1561 1069 1622 pro
1083 1562 1116 1598 ea
1129 1541 1165 1598 111
1179 1547 1245 1600 An-¹

237 1651 322 1718 gusto
337 1637 474 1716 religatus
488 1651 530 1696 est
541 1640 565 1694 *.
989 1691 993 1698 ,
1239 1647 1242 1654 ’

276 1737 312 1790 V.
333 1733 396 1790 158.
410 1735 579 1806 Barbarum]
598 1733 755 1793 Barbarum
768 1733 959 1794 Ptolemaeum
972 1733 1131 1812 significat,
1145 1745 1175 1791 et
1188 1735 1243 1822 Be7
1302 1749 1306 1755 ⁴

236 1831 366 1896 ronicem
380 1848 509 1888 sororem
522 1833 593 1910 ejus.

250 1935 252 1939 ’
275 1925 352 1986 Ibid.
366 1929 457 1984 Dedit
468 1926 542 1984 hune
553 1929 684 2004 Agrippa
696 1930 804 2000 sorori]
820 1928 927 1986 Juliam
940 1939 1058 2006 neptem
1069 1927 1192 2005 Augusti
1206 1926 1243 1982 si-

236 2023 370 2101 gnificat,
384 2043 450 2101 quae
468 2035 560 2103 nupta
573 2025 699 2083 Aemilio
716 2025 824 2096 Paulo,
836 2021 904 2082 cirin
918 2026 942 2081 is
955 2024 1110 2103 majestatis
1123 2023 1243 2080 crimine
1339 2065 1343 2080 .

236 2119 367 2198 periisset
378 2120 420 2198 (6)
433 2139 450 2176 a
461 2119 584 2205 barbaro
599 2121 723 2198 relegata
744 2133 803 2191 est,
822 2134 889 2199 post
905 2133 1053 2190 revocata,
1070 2115 1137 2178 niun
1152 2131 1243 2176 semet

235 2216 313 2273 vitiis
324 2215 498 2286 addixisset,
511 2229 653 2296 perpetuo
668 2217 755 2276 exssio
773 2219 907 2276 damnata
923 2229 975 2275 est.
991 2217 1141 2296 Supplicio
1154 2215 1242 2294 hujus

143 2371 150 2378 ,
236 2313 366 2390 Agrippa
380 2313 467 2370 frater
473 2326 614 2391 ‚propter
627 2335 744 2373 morum
757 2315 900 2372 feritatem
913 2313 943 2371 in
955 2313 1050 2370 Sicilia
1060 2313 1098 2370 ab
1109 2317 1242 2392 Augusto

237 2409 397 2485 relegatus,
413 2421 479 2486 post
494 2411 578 2487 eujus
592 2422 716 2468 mortem
727 2412 811 2490 jussu
824 2409 933 2466 Tiberii
945 2409 1112 2468 interfectus
1126 2421 1177 2466 est.

280 2503 344 2580 159.
362 2505 521 2560 observant
538 2507 588 2561 ubi
595 2506 699 2580 sertem]
713 2509 748 2562 In
760 2505 860 2564 Judaea
873 2507 1007 2628 regione,
1023 2505 1076 2563 ubi
1093 2519 1136 2564 est
1153 2525 1242 2584 syna-

230 2619 321 2751 '3052
331 2695 395 2752 160.
408 2697 448 2753 Et
461 2707 543 2753 veum
557 2697 686 2771 indulget
701 2697 833 2770 retribue]
847 2697 883 2755 Id
902 2709 960 2770 est,
977 2697 1134 2776 majoribus
1146 2675 1242 2824 porcis

237 2804 379 2870 parcunt:
395 2811 461 2850 num
475 2793 602 2850 minores
615 2793 800 2852 manducant.

277 2888 404 2944 v..163
425 2890 601 2960 Particum]
624 2891 714 2969 Cujus
733 2891 780 2946 avi
799 2889 1034 2969 triumphantes'
1026 2910 1056 2950 tn
1070 2880 1243 2968 imaginibus

236 2983 300 3042 oti*
315 2995 344 3040 et
358 2983 445 3060 positi
458 2984 488 3044 in
501 2985 670 3062 porticibus.

161 3135 164 3141 ,
275 3082 313 3136 V.
331 3088 395 3148 161.
410 3083 524 3144 Bellum
542 3083 691 3138 dirimente
706 3083 835 3152 Subrium]
854 3081 897 3140 Sit
916 3083 1020 3141 castior
1034 3082 1161 3152 Sabinis,
1175 3101 1241 3162 quae

238 3174 367 3233 foedera
360 3187 435 3232 rnter
449 3176 565 3232 Tatium
579 3188 608 3234 et
622 3175 783 3234 Romulum
798 3177 937 3236 fecerunt.

275 3273 312 3328 V.
332 3271 887 3354 1671111111111111111111011]1111711111.

273 3370 311 3429 V.
332 3369 396 3440 173.
410 3370 464 3424 Nil
466 3371 558 3442 pueri
557 3369 696 3442 faciunt]
712 3371 942 3428 Commicturum
950 3372 1009 3450 (7),
1025 3377 1179 3432 Lucanus:

346 3533 347 3540 ,
412 3483 523 3534 Crimine
532 3499 583 3550 quo
593 3486 664 3550 parvi
675 3485 767 3534 caedem
776 3497 880 3556 potuere
890 3490 984 3538 mereri.

275 3590 310 3645 V.
336 3587 400 3661 175.
425 3589 528 3662 Greges
547 3567 800 3662 natorumq'Quia
819 3590 917 3668 plures
937 3592 1074 3664 fuerunt,
1087 3606 1117 3652 et
1137 3593 1246 3662 divern’

235 3705 342 3842 servus,
355 3685 460 3753 idest,
474 3696 585 3766 septem
599 3685 738 3756 masculi,
753 3699 783 3744 et
796 3701 907 3766 septem
920 3689 1045 3748 feminae.
1138 3739 1142 3749 .

273 3786 394 3856 V1.77.
406 3782 518 3865 Scrufa
523 3783 636 3852 Niobe]
651 3783 1243 3918 111111.81111111111Τ1071110111111,(11111Ι

234 3883 294 3942 visu
308 3891 351 3942 est
364 3885 470 3941 Aencae
485 3899 554 3938 cum
567 3879 684 3960 triginta
694 3879 814 3942 fetibus.
