<?xml version="1.0" encoding="UTF-8"?>
<!DOCTYPE html PUBLIC "-//W3C//DTD XHTML 1.0 Transitional//EN"
    "http://www.w3.org/TR/xhtml1/DTD/xhtml1-transitional.dtd">
<html xmlns="http://www.w3.org/1999/xhtml" xml:lang="en" lang="en">
 <head>
  <title>
</title>
<meta http-equiv="Content-Type" content="text/html;charset=utf-8" />
  <meta name='ocr-system' content='tesseract 3.04.00' />
  <meta name='ocr-capabilities' content='ocr_page ocr_carea ocr_par ocr_line ocrx_word'/>
</head>
<body>
  <div class='ocr_page' id='page_1' title='image "./satirae00pithgoog_0164.png"; bbox 0 0 2930 4660; ppageno 0'>
   <div class='ocr_carea' id='block_1_1' title="bbox 393 309 1203 452">
    <p class='ocr_par' dir='ltr' id='par_1_1' title="bbox 393 309 1203 452">
     <span class='ocr_line' id='line_1_1' title="bbox 393 309 1203 452; baseline 0.005 -25"><span class='ocrx_word' id='word_1_1' title='bbox 393 309 563 428; x_wconf 77' lang='lat' dir='ltr'><strong>norst</strong></span> <span class='ocrx_word' id='word_1_2' title='bbox 588 360 644 428; x_wconf 81' lang='lat' dir='ltr'><strong>ut</strong></span> <span class='ocrx_word' id='word_1_3' title='bbox 668 360 1001 430; x_wconf 72' lang='lat' dir='ltr'><strong>sorssassn.</strong></span> <span class='ocrx_word' id='word_1_4' title='bbox 1138 329 1203 452; x_wconf 65' lang='lat'><strong>137¹</strong></span> 
     </span>
    </p>
   </div>
   <div class='ocr_carea' id='block_1_2' title="bbox 197 483 1202 661">
    <p class='ocr_par' dir='ltr' id='par_1_2' title="bbox 197 483 1202 661">
     <span class='ocr_line' id='line_1_2' title="bbox 200 483 1202 566; baseline 0.004 -24"><span class='ocrx_word' id='word_1_5' title='bbox 200 487 240 542; x_wconf 78' lang='lat' dir='ltr'><strong>tt</strong></span> <span class='ocrx_word' id='word_1_6' title='bbox 256 483 404 543; x_wconf 82' lang='lat' dir='ltr'><strong>luvenalis</strong></span> <span class='ocrx_word' id='word_1_7' title='bbox 421 485 495 544; x_wconf 83' lang='lat' dir='ltr'><strong>dixit</strong></span> <span class='ocrx_word' id='word_1_8' title='bbox 515 487 614 544; x_wconf 82' lang='lat' dir='ltr'><strong>minus</strong></span> <span class='ocrx_word' id='word_1_9' title='bbox 628 487 745 557; x_wconf 80' lang='lat' dir='ltr'><strong>Latine3</strong></span> <span class='ocrx_word' id='word_1_10' title='bbox 761 488 822 558; x_wconf 83' lang='lat' dir='ltr'><strong>vis,</strong></span> <span class='ocrx_word' id='word_1_11' title='bbox 836 488 939 562; x_wconf 78' lang='lat' dir='ltr'><strong>frater,</strong></span> <span class='ocrx_word' id='word_1_12' title='bbox 953 487 1065 565; x_wconf 79' lang='lat' dir='ltr'><strong>aliquid</strong></span> <span class='ocrx_word' id='word_1_13' title='bbox 1083 488 1119 546; x_wconf 92' lang='lat' dir='ltr'><strong>ab</strong></span> <span class='ocrx_word' id='word_1_14' title='bbox 1132 488 1202 566; x_wconf 81' lang='lat' dir='ltr'><strong>ipsis</strong></span> 
     </span>
     <span class='ocr_line' id='line_1_3' title="bbox 197 581 1013 661; baseline 0.006 -22"><span class='ocrx_word' id='word_1_15' title='bbox 197 581 308 639; x_wconf 80' lang='lat' dir='ltr'><strong>ilibus?</strong></span> <span class='ocrx_word' id='word_1_16' title='bbox 323 585 397 641; x_wconf 88' lang='lat' dir='ltr'><strong>Nam</strong></span> <span class='ocrx_word' id='word_1_17' title='bbox 409 581 522 661; x_wconf 90' lang='lat' dir='ltr'><strong>aliquid</strong></span> <span class='ocrx_word' id='word_1_18' title='bbox 533 581 582 644; x_wconf 91' lang='lat' dir='ltr'><strong>hic</strong></span> <span class='ocrx_word' id='word_1_19' title='bbox 595 583 768 644; x_wconf 74' lang='lat' dir='ltr'><strong>subauditur</strong></span> <span class='ocrx_word' id='word_1_20' title='bbox 780 586 910 646; x_wconf 86' lang='lat' dir='ltr'><strong>omnino.</strong></span> <span class='ocrx_word' id='word_1_21' title='bbox 931 588 969 644; x_wconf 87' lang='grc' dir='ltr'><strong>Η.</strong></span> <span class='ocrx_word' id='word_1_22' title='bbox 1011 631 1013 636; x_wconf 84' lang='grc'>.</span> 
     </span>
    </p>
   </div>
   <div class='ocr_carea' id='block_1_3' title="bbox 198 711 1245 1000">
    <p class='ocr_par' dir='ltr' id='par_1_3' title="bbox 198 711 1245 1000">
     <span class='ocr_line' id='line_1_4' title="bbox 198 711 1166 806; baseline 0.006 -30"><span class='ocrx_word' id='word_1_23' title='bbox 198 735 231 777; x_wconf 84' lang='lat' dir='ltr'><strong>v.</strong></span> <span class='ocrx_word' id='word_1_24' title='bbox 247 711 328 778; x_wconf 67' lang='lat'><strong>153.</strong></span> <span class='ocrx_word' id='word_1_25' title='bbox 350 711 402 776; x_wconf 90' lang='lat' dir='ltr'><strong>Tu</strong></span> <span class='ocrx_word' id='word_1_26' title='bbox 418 714 523 778; x_wconf 83' lang='lat' dir='ltr'><strong>scabie</strong></span> <span class='ocrx_word' id='word_1_27' title='bbox 538 713 654 779; x_wconf 80' lang='lat' dir='ltr'><strong>frueris</strong></span> <span class='ocrx_word' id='word_1_28' title='bbox 673 716 765 797; x_wconf 88' lang='lat' dir='ltr'><strong>mali,</strong></span> <span class='ocrx_word' id='word_1_29' title='bbox 781 715 870 804; x_wconf 88' lang='lat' dir='ltr'><strong>quod</strong></span> <span class='ocrx_word' id='word_1_30' title='bbox 885 717 920 780; x_wconf 89' lang='lat' dir='ltr'><strong>iu</strong></span> <span class='ocrx_word' id='word_1_31' title='bbox 934 737 1047 806; x_wconf 79' lang='lat' dir='ltr'>aggere</span> <span class='ocrx_word' id='word_1_32' title='bbox 1061 714 1166 799; x_wconf 90' lang='lat' dir='ltr'><strong>rodit,</strong></span> 
     </span>
     <span class='ocr_line' id='line_1_5' title="bbox 348 810 1245 903; baseline 0.006 -30"><span class='ocrx_word' id='word_1_33' title='bbox 348 810 412 891; x_wconf 92' lang='lat' dir='ltr'><strong>Qui</strong></span> <span class='ocrx_word' id='word_1_34' title='bbox 426 813 544 900; x_wconf 85' lang='lat' dir='ltr'><strong>tegitur</strong></span> <span class='ocrx_word' id='word_1_35' title='bbox 557 816 670 900; x_wconf 71' lang='lat' dir='ltr'><strong>parmi</strong></span> <span class='ocrx_word' id='word_1_36' title='bbox 681 829 713 878; x_wconf 89' lang='lat' dir='ltr'><strong>et</strong></span> <span class='ocrx_word' id='word_1_37' title='bbox 724 815 830 902; x_wconf 74' lang='lat' dir='ltr'><strong>galei,</strong></span> <span class='ocrx_word' id='word_1_38' title='bbox 845 829 1052 900; x_wconf 83' lang='lat' dir='ltr'><strong>metuensque</strong></span> <span class='ocrx_word' id='word_1_39' title='bbox 1064 811 1180 903; x_wconf 85' lang='lat' dir='ltr'><strong>flagelli</strong></span> <span class='ocrx_word' id='word_1_40' title='bbox 1242 873 1245 878; x_wconf 90' lang='lat'><strong>.</strong></span> 
     </span>
     <span class='ocr_line' id='line_1_6' title="bbox 347 907 1166 1000; baseline 0.007 -30"><span class='ocrx_word' id='word_1_41' title='bbox 347 907 448 972; x_wconf 82' lang='lat' dir='ltr'><strong>Discit</strong></span> <span class='ocrx_word' id='word_1_42' title='bbox 461 909 501 972; x_wconf 91' lang='lat' dir='ltr'><strong>ab</strong></span> <span class='ocrx_word' id='word_1_43' title='bbox 515 910 639 975; x_wconf 89' lang='lat' dir='ltr'><strong>hirsuto</strong></span> <span class='ocrx_word' id='word_1_44' title='bbox 650 911 795 997; x_wconf 78' lang='lat' dir='ltr'><strong>jaculum</strong></span> <span class='ocrx_word' id='word_1_45' title='bbox 807 927 958 998; x_wconf 85' lang='lat' dir='ltr'><strong>torquere</strong></span> <span class='ocrx_word' id='word_1_46' title='bbox 969 911 1104 1000; x_wconf 77' lang='lat' dir='ltr'><strong>cupella.</strong></span> <span class='ocrx_word' id='word_1_47' title='bbox 1122 910 1134 998; x_wconf 89' lang='lat'>]</span> <span class='ocrx_word' id='word_1_48' title='bbox 1165 965 1166 976; x_wconf 68' lang='lat'><strong>.</strong></span> 
     </span>
    </p>
   </div>
   <div class='ocr_carea' id='block_1_4' title="bbox 198 1045 1202 1214">
    <p class='ocr_par' dir='ltr' id='par_1_4' title="bbox 198 1045 1202 1214">
     <span class='ocr_line' id='line_1_7' title="bbox 199 1045 1202 1128; baseline 0.004 -24"><span class='ocrx_word' id='word_1_49' title='bbox 199 1045 346 1104; x_wconf 85' lang='lat' dir='ltr'><strong>luvenalis</strong></span> <span class='ocrx_word' id='word_1_50' title='bbox 356 1045 479 1105; x_wconf 89' lang='lat' dir='ltr'><strong>militem</strong></span> <span class='ocrx_word' id='word_1_51' title='bbox 491 1048 656 1107; x_wconf 86' lang='lat' dir='ltr'><strong>Romanum</strong></span> <span class='ocrx_word' id='word_1_52' title='bbox 666 1049 698 1107; x_wconf 89' lang='lat' dir='ltr'><strong>in</strong></span> <span class='ocrx_word' id='word_1_53' title='bbox 708 1069 810 1128; x_wconf 82' lang='lat' dir='ltr'>aggere</span> <span class='ocrx_word' id='word_1_54' title='bbox 820 1061 979 1108; x_wconf 82' lang='lat' dir='ltr'><strong>castrmum</strong></span> <span class='ocrx_word' id='word_1_55' title='bbox 988 1049 1064 1107; x_wconf 83' lang='lat' dir='ltr'><strong>mala</strong></span> <span class='ocrx_word' id='word_1_56' title='bbox 1074 1048 1202 1108; x_wconf 78' lang='lat' dir='ltr'><strong>scabiosa</strong></span> 
     </span>
     <span class='ocr_line' id='line_1_8' title="bbox 198 1142 1202 1214; baseline 0.004 -16"><span class='ocrx_word' id='word_1_57' title='bbox 198 1142 360 1214; x_wconf 87' lang='lat' dir='ltr'><strong>rodentem,</strong></span> <span class='ocrx_word' id='word_1_58' title='bbox 369 1154 399 1200; x_wconf 90' lang='lat' dir='ltr'><strong>et</strong></span> <span class='ocrx_word' id='word_1_59' title='bbox 408 1156 586 1202; x_wconf 85' lang='lat' dir='ltr'>metuentem</span> <span class='ocrx_word' id='word_1_60' title='bbox 595 1144 661 1202; x_wconf 88' lang='lat' dir='ltr'><strong>vitis</strong></span> <span class='ocrx_word' id='word_1_61' title='bbox 670 1145 902 1204; x_wconf 86' lang='lat' dir='ltr'><strong>centurionissui</strong></span> <span class='ocrx_word' id='word_1_62' title='bbox 911 1144 1033 1204; x_wconf 89' lang='lat' dir='ltr'><strong>inducit.</strong></span> <span class='ocrx_word' id='word_1_63' title='bbox 1046 1149 1077 1202; x_wconf 90' lang='lat' dir='ltr'><strong>P.</strong></span> <span class='ocrx_word' id='word_1_64' title='bbox 1087 1143 1202 1203; x_wconf 89' lang='lat' dir='ltr'><strong>Pithoei</strong></span> 
     </span>
    </p>
   </div>
   <div class='ocr_carea' id='block_1_5' title="bbox 183 1237 1324 1414">
    <p class='ocr_par' dir='ltr' id='par_1_5' title="bbox 183 1237 1324 1414">
     <span class='ocr_line' id='line_1_9' title="bbox 198 1237 1324 1319; baseline 0.003 -23"><span class='ocrx_word' id='word_1_65' title='bbox 198 1237 289 1296; x_wconf 91' lang='lat' dir='ltr'><strong>editio</strong></span> <span class='ocrx_word' id='word_1_66' title='bbox 306 1237 470 1297; x_wconf 85' lang='lat' dir='ltr'><strong>Parisiensis</strong></span> <span class='ocrx_word' id='word_1_67' title='bbox 490 1241 557 1298; x_wconf 88' lang='lat' dir='ltr'><strong>anni</strong></span> <span class='ocrx_word' id='word_1_68' title='bbox 579 1239 670 1310; x_wconf 82' lang='lat'><strong>1585,</strong></span> <span class='ocrx_word' id='word_1_69' title='bbox 686 1251 716 1298; x_wconf 92' lang='lat' dir='ltr'><strong>et</strong></span> <span class='ocrx_word' id='word_1_70' title='bbox 736 1241 826 1300; x_wconf 91' lang='lat' dir='ltr'><strong>editio</strong></span> <span class='ocrx_word' id='word_1_71' title='bbox 848 1241 1116 1319; x_wconf 82' lang='lat' dir='ltr'><strong>Lugduuo·Batava</strong></span> <span class='ocrx_word' id='word_1_72' title='bbox 1133 1241 1203 1312; x_wconf 80' lang='lat' dir='ltr'><strong>anui</strong></span> <span class='ocrx_word' id='word_1_73' title='bbox 1322 1273 1324 1280; x_wconf 81' lang='grc'><em>·</em></span> 
     </span>
     <span class='ocr_line' id='line_1_10' title="bbox 183 1334 1307 1414; baseline 0.003 -23"><span class='ocrx_word' id='word_1_74' title='bbox 183 1410 185 1414; x_wconf 23' lang='grc' dir='ltr'>Ι</span> <span class='ocrx_word' id='word_1_75' title='bbox 202 1335 297 1404; x_wconf 82' lang='lat'><strong>1600,</strong></span> <span class='ocrx_word' id='word_1_76' title='bbox 307 1346 336 1392; x_wconf 90' lang='lat' dir='ltr'><strong>et</strong></span> <span class='ocrx_word' id='word_1_77' title='bbox 347 1334 411 1392; x_wconf 85' lang='lat' dir='ltr'><strong>aliae</strong></span> <span class='ocrx_word' id='word_1_78' title='bbox 424 1334 532 1394; x_wconf 89' lang='lat' dir='ltr'><strong>habent</strong></span> <span class='ocrx_word' id='word_1_79' title='bbox 544 1336 652 1394; x_wconf 70' lang='lat' dir='ltr'><strong>briseta</strong></span> <span class='ocrx_word' id='word_1_80' title='bbox 666 1341 802 1413; x_wconf 80' lang='lat' dir='ltr'><strong>capelle:</strong></span> <span class='ocrx_word' id='word_1_81' title='bbox 817 1337 849 1396; x_wconf 90' lang='lat' dir='ltr'><strong>id</strong></span> <span class='ocrx_word' id='word_1_82' title='bbox 862 1350 923 1410; x_wconf 91' lang='lat' dir='ltr'><strong>est,</strong></span> <span class='ocrx_word' id='word_1_83' title='bbox 936 1357 953 1395; x_wconf 85' lang='lat' dir='ltr'><strong>a</strong></span> <span class='ocrx_word' id='word_1_84' title='bbox 966 1336 1134 1396; x_wconf 86' lang='lat' dir='ltr'><strong>centurione</strong></span> <span class='ocrx_word' id='word_1_85' title='bbox 1145 1335 1201 1394; x_wconf 75' lang='lat' dir='ltr'><strong>hir</strong></span> <span class='ocrx_word' id='word_1_86' title='bbox 1305 1347 1307 1356; x_wconf 81' lang='grc'>’</span> 
     </span>
    </p>
   </div>
   <div class='ocr_carea' id='block_1_6' title="bbox 113 1432 1235 2644">
    <p class='ocr_par' dir='ltr' id='par_1_6' title="bbox 113 1432 1235 2644">
     <span class='ocr_line' id='line_1_11' title="bbox 199 1432 1203 1513; baseline 0.004 -25"><span class='ocrx_word' id='word_1_87' title='bbox 199 1444 265 1489; x_wconf 87' lang='lat' dir='ltr'><strong>suto</strong></span> <span class='ocrx_word' id='word_1_88' title='bbox 278 1451 311 1488; x_wconf 91' lang='lat' dir='ltr'><strong>ac</strong></span> <span class='ocrx_word' id='word_1_89' title='bbox 323 1432 429 1509; x_wconf 91' lang='lat' dir='ltr'><strong>piloso.</strong></span> <span class='ocrx_word' id='word_1_90' title='bbox 442 1433 553 1491; x_wconf 90' lang='lat' dir='ltr'><strong>Hirsuti</strong></span> <span class='ocrx_word' id='word_1_91' title='bbox 565 1437 666 1491; x_wconf 83' lang='lat' dir='ltr'><strong>Romae</strong></span> <span class='ocrx_word' id='word_1_92' title='bbox 680 1437 802 1510; x_wconf 76' lang='lat' dir='ltr'><strong>capellae</strong></span> <span class='ocrx_word' id='word_1_93' title='bbox 815 1447 866 1493; x_wconf 90' lang='lat' dir='ltr'><strong>aut</strong></span> <span class='ocrx_word' id='word_1_94' title='bbox 879 1455 977 1510; x_wconf 77' lang='lat' dir='ltr'><strong>capue</strong></span> <span class='ocrx_word' id='word_1_95' title='bbox 992 1453 1045 1512; x_wconf 89' lang='lat' dir='ltr'><strong>per</strong></span> <span class='ocrx_word' id='word_1_96' title='bbox 1054 1435 1155 1513; x_wconf 86' lang='lat' dir='ltr'><strong>jocum</strong></span> <span class='ocrx_word' id='word_1_97' title='bbox 1167 1453 1203 1492; x_wconf 86' lang='lat' dir='ltr'><strong>ac</strong></span> 
     </span>
     <span class='ocr_line' id='line_1_12' title="bbox 199 1527 1204 1608; baseline 0.004 -24"><span class='ocrx_word' id='word_1_98' title='bbox 199 1527 327 1586; x_wconf 88' lang='lat' dir='ltr'><strong>derisum</strong></span> <span class='ocrx_word' id='word_1_99' title='bbox 343 1528 433 1606; x_wconf 83' lang='lat' dir='ltr'><strong>vulgo</strong></span> <span class='ocrx_word' id='word_1_100' title='bbox 451 1529 660 1588; x_wconf 78' lang='lat' dir='ltr'><strong>vocitabantur.</strong></span> <span class='ocrx_word' id='word_1_101' title='bbox 684 1530 769 1588; x_wconf 87' lang='lat' dir='ltr'><strong>Caius</strong></span> <span class='ocrx_word' id='word_1_102' title='bbox 789 1531 945 1590; x_wconf 84' lang='lat' dir='ltr'><strong>Suetonius</strong></span> <span class='ocrx_word' id='word_1_103' title='bbox 965 1530 1151 1608; x_wconf 84' lang='lat' dir='ltr'><strong>Tranquillus</strong></span> <span class='ocrx_word' id='word_1_104' title='bbox 1170 1530 1204 1588; x_wconf 77' lang='lat' dir='ltr'><strong>in&#39;</strong></span> 
     </span>
     <span class='ocr_line' id='line_1_13' title="bbox 113 1615 1202 1706; baseline -0.001 -22"><span class='ocrx_word' id='word_1_105' title='bbox 113 1615 115 1625; x_wconf 50' lang='lat'>¹</span> <span class='ocrx_word' id='word_1_106' title='bbox 201 1627 233 1684; x_wconf 86' lang='lat' dir='ltr'><strong>C.</strong></span> <span class='ocrx_word' id='word_1_107' title='bbox 246 1626 354 1680; x_wconf 87' lang='lat' dir='ltr'><strong>Caesare</strong></span> <span class='ocrx_word' id='word_1_108' title='bbox 369 1623 516 1702; x_wconf 76' lang='lat' dir='ltr'><strong>Caligula,</strong></span> <span class='ocrx_word' id='word_1_109' title='bbox 530 1643 593 1703; x_wconf 85' lang='lat' dir='ltr'><strong>cap.</strong></span> <span class='ocrx_word' id='word_1_110' title='bbox 607 1629 648 1682; x_wconf 87' lang='lat' dir='ltr'><strong>L:</strong></span> <span class='ocrx_word' id='word_1_111' title='bbox 663 1625 730 1682; x_wconf 92' lang='lat' dir='ltr'><strong>Fuit</strong></span> <span class='ocrx_word' id='word_1_112' title='bbox 742 1624 847 1703; x_wconf 86' lang='lat' dir='ltr'><strong>capillo</strong></span> <span class='ocrx_word' id='word_1_113' title='bbox 858 1645 923 1683; x_wconf 90' lang='lat' dir='ltr'><strong>raro</strong></span> <span class='ocrx_word' id='word_1_114' title='bbox 934 1645 967 1683; x_wconf 91' lang='lat' dir='ltr'><strong>ac</strong></span> <span class='ocrx_word' id='word_1_115' title='bbox 980 1626 1055 1706; x_wconf 70' lang='lat' dir='ltr'><strong>circa</strong></span> <span class='ocrx_word' id='word_1_116' title='bbox 1063 1625 1202 1684; x_wconf 87' lang='lat' dir='ltr'><strong>verticem</strong></span> 
     </span>
     <span class='ocr_line' id='line_1_14' title="bbox 200 1718 1203 1804; baseline 0.002 -28"><span class='ocrx_word' id='word_1_117' title='bbox 200 1718 441 1804; x_wconf 25' lang='lat' dir='ltr'><strong>nullo‚yhirsutus</strong></span> <span class='ocrx_word' id='word_1_118' title='bbox 455 1733 555 1778; x_wconf 86' lang='lat' dir='ltr'><strong>caetera</strong></span> <span class='ocrx_word' id='word_1_119' title='bbox 568 1719 744 1800; x_wconf 83' lang='lat' dir='ltr'><strong>(Caligula).</strong></span> <span class='ocrx_word' id='word_1_120' title='bbox 758 1725 870 1793; x_wconf 86' lang='lat' dir='ltr'><strong>Quare,</strong></span> <span class='ocrx_word' id='word_1_121' title='bbox 886 1733 1050 1780; x_wconf 83' lang='lat' dir='ltr'><strong>transeunte</strong></span> <span class='ocrx_word' id='word_1_122' title='bbox 1064 1741 1113 1800; x_wconf 83' lang='lat' dir='ltr'><strong>eo,</strong></span> <span class='ocrx_word' id='word_1_123' title='bbox 1129 1741 1203 1800; x_wconf 55' lang='lat' dir='ltr'><strong>prov¹</strong></span> 
     </span>
     <span class='ocr_line' id='line_1_15' title="bbox 200 1805 1203 1896; baseline 0.003 -24"><span class='ocrx_word' id='word_1_124' title='bbox 200 1815 309 1893; x_wconf 89' lang='lat' dir='ltr'><strong>spicere</strong></span> <span class='ocrx_word' id='word_1_125' title='bbox 322 1836 357 1872; x_wconf 86' lang='lat' dir='ltr'><strong>ex</strong></span> <span class='ocrx_word' id='word_1_126' title='bbox 372 1816 519 1892; x_wconf 84' lang='lat' dir='ltr'><strong>superiore</strong></span> <span class='ocrx_word' id='word_1_127' title='bbox 532 1829 612 1895; x_wconf 90' lang='lat' dir='ltr'><strong>parte</strong></span> <span class='ocrx_word' id='word_1_128' title='bbox 624 1817 698 1895; x_wconf 82' lang='lat' dir='ltr'><strong>(hoc</strong></span> <span class='ocrx_word' id='word_1_129' title='bbox 712 1817 749 1874; x_wconf 83' lang='lat' dir='ltr'><strong>ad</strong></span> <span class='ocrx_word' id='word_1_130' title='bbox 761 1818 905 1877; x_wconf 87' lang='lat' dir='ltr'><strong>calvitiem</strong></span> <span class='ocrx_word' id='word_1_131' title='bbox 915 1818 1030 1876; x_wconf 83' lang='lat' dir='ltr'><strong>verticis</strong></span> <span class='ocrx_word' id='word_1_132' title='bbox 1041 1805 1203 1896; x_wconf 68' lang='lat' dir='ltr'><strong>pertinet),</strong></span> 
     </span>
     <span class='ocr_line' id='line_1_16' title="bbox 199 1911 1203 1990; baseline 0.004 -24"><span class='ocrx_word' id='word_1_133' title='bbox 199 1923 250 1967; x_wconf 89' lang='lat' dir='ltr'><strong>aut</strong></span> <span class='ocrx_word' id='word_1_134' title='bbox 266 1911 384 1968; x_wconf 88' lang='lat' dir='ltr'><strong>omnino</strong></span> <span class='ocrx_word' id='word_1_135' title='bbox 404 1927 589 1990; x_wconf 84' lang='lat' dir='ltr'><strong>quacumque</strong></span> <span class='ocrx_word' id='word_1_136' title='bbox 608 1911 646 1970; x_wconf 87' lang='lat' dir='ltr'><strong>de</strong></span> <span class='ocrx_word' id='word_1_137' title='bbox 664 1931 749 1970; x_wconf 89' lang='lat' dir='ltr'><strong>causa</strong></span> <span class='ocrx_word' id='word_1_138' title='bbox 766 1934 886 1988; x_wconf 79' lang='lat' dir='ltr'><strong>capram</strong></span> <span class='ocrx_word' id='word_1_139' title='bbox 902 1914 1051 1972; x_wconf 88' lang='lat' dir='ltr'><strong>nominare</strong></span> <span class='ocrx_word' id='word_1_140' title='bbox 1071 1911 1144 1990; x_wconf 92' lang='lat' dir='ltr'><strong>(hoc</strong></span> <span class='ocrx_word' id='word_1_141' title='bbox 1164 1913 1203 1970; x_wconf 92' lang='lat' dir='ltr'><strong>ad</strong></span> 
     </span>
     <span class='ocr_line' id='line_1_17' title="bbox 199 2006 1204 2086; baseline 0.004 -24"><span class='ocrx_word' id='word_1_142' title='bbox 199 2006 276 2083; x_wconf 90' lang='lat' dir='ltr'><strong>pilos</strong></span> <span class='ocrx_word' id='word_1_143' title='bbox 299 2026 438 2083; x_wconf 88' lang='lat' dir='ltr'><strong>genarum</strong></span> <span class='ocrx_word' id='word_1_144' title='bbox 458 2018 487 2064; x_wconf 91' lang='lat' dir='ltr'><strong>et</strong></span> <span class='ocrx_word' id='word_1_145' title='bbox 508 2007 614 2065; x_wconf 87' lang='lat' dir='ltr'><strong>hirsuti</strong></span> <span class='ocrx_word' id='word_1_146' title='bbox 633 2009 762 2086; x_wconf 90' lang='lat' dir='ltr'><strong>corporis</strong></span> <span class='ocrx_word' id='word_1_147' title='bbox 782 2008 945 2086; x_wconf 84' lang='lat' dir='ltr'><strong>pertinet),</strong></span> <span class='ocrx_word' id='word_1_148' title='bbox 961 2009 1150 2066; x_wconf 90' lang='lat' dir='ltr'><strong>criminosum</strong></span> <span class='ocrx_word' id='word_1_149' title='bbox 1172 2019 1204 2066; x_wconf 90' lang='lat' dir='ltr'><strong>et</strong></span> 
     </span>
     <span class='ocr_line' id='line_1_18' title="bbox 200 2103 1202 2183; baseline 0.004 -23"><span class='ocrx_word' id='word_1_150' title='bbox 200 2103 314 2161; x_wconf 87' lang='lat' dir='ltr'><strong>exitiale</strong></span> <span class='ocrx_word' id='word_1_151' title='bbox 333 2103 503 2162; x_wconf 88' lang='lat' dir='ltr'><strong>habebatur.</strong></span> <span class='ocrx_word' id='word_1_152' title='bbox 526 2106 601 2163; x_wconf 90' lang='lat' dir='ltr'><strong>Hinc</strong></span> <span class='ocrx_word' id='word_1_153' title='bbox 625 2106 744 2163; x_wconf 90' lang='lat' dir='ltr'><strong>omnino</strong></span> <span class='ocrx_word' id='word_1_154' title='bbox 765 2106 927 2164; x_wconf 88' lang='lat' dir='ltr'><strong>Marcianus</strong></span> <span class='ocrx_word' id='word_1_155' title='bbox 951 2108 1071 2182; x_wconf 87' lang='lat' dir='ltr'><strong>Capella</strong></span> <span class='ocrx_word' id='word_1_156' title='bbox 1089 2125 1202 2183; x_wconf 89' lang='lat' dir='ltr'><strong>cogno-</strong></span> 
     </span>
     <span class='ocr_line' id='line_1_19' title="bbox 200 2200 1203 2276; baseline 0.001 -19"><span class='ocrx_word' id='word_1_157' title='bbox 200 2201 326 2257; x_wconf 85' lang='lat' dir='ltr'><strong>minatus</strong></span> <span class='ocrx_word' id='word_1_158' title='bbox 335 2212 393 2272; x_wconf 86' lang='lat' dir='ltr'><strong>est,</strong></span> <span class='ocrx_word' id='word_1_159' title='bbox 406 2213 435 2258; x_wconf 94' lang='lat' dir='ltr'><strong>et</strong></span> <span class='ocrx_word' id='word_1_160' title='bbox 444 2201 529 2258; x_wconf 90' lang='lat' dir='ltr'><strong>multi</strong></span> <span class='ocrx_word' id='word_1_161' title='bbox 542 2201 601 2258; x_wconf 91' lang='lat' dir='ltr'><strong>alii.</strong></span> <span class='ocrx_word' id='word_1_162' title='bbox 612 2201 776 2272; x_wconf 83' lang='lat' dir='ltr'><strong>luvenalis,</strong></span> <span class='ocrx_word' id='word_1_163' title='bbox 789 2200 872 2257; x_wconf 77' lang='lat' dir='ltr'><strong>satiri</strong></span> <span class='ocrx_word' id='word_1_164' title='bbox 883 2203 967 2271; x_wconf 88' lang='lat' dir='ltr'>XIV,</span> <span class='ocrx_word' id='word_1_165' title='bbox 980 2203 1203 2276; x_wconf 78' lang='lat' dir='ltr'><strong>vitemposcentr</strong></span> 
     </span>
     <span class='ocr_line' id='line_1_20' title="bbox 201 2293 1202 2374; baseline -0.001 -21"><span class='ocrx_word' id='word_1_166' title='bbox 201 2293 303 2353; x_wconf 92' lang='lat' dir='ltr'><strong>libello</strong></span> <span class='ocrx_word' id='word_1_167' title='bbox 317 2295 365 2372; x_wconf 74' lang='lat' dir='ltr'><strong>(id</strong></span> <span class='ocrx_word' id='word_1_168' title='bbox 382 2308 444 2368; x_wconf 86' lang='lat' dir='ltr'><strong>est,</strong></span> <span class='ocrx_word' id='word_1_169' title='bbox 457 2295 669 2374; x_wconf 88' lang='lat' dir='ltr'><strong>centuriatum)</strong></span> <span class='ocrx_word' id='word_1_170' title='bbox 683 2309 773 2371; x_wconf 85' lang='lat' dir='ltr'><strong>caput</strong></span> <span class='ocrx_word' id='word_1_171' title='bbox 790 2297 929 2352; x_wconf 84' lang='lat' dir='ltr'><strong>intactum</strong></span> <span class='ocrx_word' id='word_1_172' title='bbox 951 2297 1043 2367; x_wconf 69' lang='lat' dir='ltr'><strong>bueo,</strong></span> <span class='ocrx_word' id='word_1_173' title='bbox 1058 2315 1142 2352; x_wconf 78' lang='lat' dir='ltr'><strong>nares</strong></span> <span class='ocrx_word' id='word_1_174' title='bbox 1148 2317 1202 2372; x_wconf 82' lang='lat' dir='ltr'><strong>pr-</strong></span> 
     </span>
     <span class='ocr_line' id='line_1_21' title="bbox 202 2390 1235 2466; baseline -0.001 -18"><span class='ocrx_word' id='word_1_175' title='bbox 202 2395 295 2462; x_wconf 84' lang='lat' dir='ltr'><strong>losas,</strong></span> <span class='ocrx_word' id='word_1_176' title='bbox 315 2404 344 2450; x_wconf 90' lang='lat' dir='ltr'><strong>et</strong></span> <span class='ocrx_word' id='word_1_177' title='bbox 362 2395 488 2466; x_wconf 70' lang='lat' dir='ltr'><strong>grandes</strong></span> <span class='ocrx_word' id='word_1_178' title='bbox 510 2396 593 2463; x_wconf 85' lang='lat' dir='ltr'><strong>alas,</strong></span> <span class='ocrx_word' id='word_1_179' title='bbox 614 2390 646 2449; x_wconf 91' lang='lat' dir='ltr'><strong>id</strong></span> <span class='ocrx_word' id='word_1_180' title='bbox 665 2404 724 2462; x_wconf 84' lang='lat' dir='ltr'><strong>est,</strong></span> <span class='ocrx_word' id='word_1_181' title='bbox 741 2390 866 2448; x_wconf 86' lang='lat' dir='ltr'><strong>hirsutas</strong></span> <span class='ocrx_word' id='word_1_182' title='bbox 883 2391 1015 2448; x_wconf 86' lang='lat' dir='ltr'><strong>attribuit</strong></span> <span class='ocrx_word' id='word_1_183' title='bbox 1032 2411 1040 2447; x_wconf 78' lang='lat' dir='ltr'><strong><em>z</em></strong></span> <span class='ocrx_word' id='word_1_184' title='bbox 1056 2391 1153 2451; x_wconf 79' lang='lat' dir='ltr'><strong>miuus</strong></span> <span class='ocrx_word' id='word_1_185' title='bbox 1168 2401 1204 2448; x_wconf 89' lang='lat' dir='ltr'><strong>ut</strong></span> <span class='ocrx_word' id='word_1_186' title='bbox 1234 2461 1235 2466; x_wconf 7' lang='grc' dir='ltr'>ἵ</span> 
     </span>
     <span class='ocr_line' id='line_1_22' title="bbox 201 2486 1204 2588; baseline -0.004 -42"><span class='ocrx_word' id='word_1_187' title='bbox 201 2489 313 2546; x_wconf 86' lang='lat' dir='ltr'><strong>mireris</strong></span> <span class='ocrx_word' id='word_1_188' title='bbox 323 2491 529 2580; x_wconf 48' lang='lat' dir='ltr'><strong>³centurionem</strong></span> <span class='ocrx_word' id='word_1_189' title='bbox 549 2507 636 2568; x_wconf 84' lang='lat' dir='ltr'><strong>supra</strong></span> <span class='ocrx_word' id='word_1_190' title='bbox 654 2489 691 2547; x_wconf 90' lang='lat' dir='ltr'><strong>ab</strong></span> <span class='ocrx_word' id='word_1_191' title='bbox 709 2487 816 2588; x_wconf 79' lang='lat' dir='ltr'><strong>eodem¹</strong></span> <span class='ocrx_word' id='word_1_192' title='bbox 826 2486 964 2546; x_wconf 77' lang='lat' dir='ltr'><strong>iuvenale</strong></span> <span class='ocrx_word' id='word_1_193' title='bbox 980 2489 1130 2565; x_wconf 82' lang='lat' dir='ltr'><strong>Capellam</strong></span> <span class='ocrx_word' id='word_1_194' title='bbox 1144 2487 1204 2543; x_wconf 67' lang='lat' dir='ltr'><strong>trt-</strong></span> 
     </span>
     <span class='ocr_line' id='line_1_23' title="bbox 199 2585 471 2644; baseline 0.004 -3"><span class='ocrx_word' id='word_1_195' title='bbox 199 2599 291 2642; x_wconf 84' lang='lat' dir='ltr'><strong>sutum</strong></span> <span class='ocrx_word' id='word_1_196' title='bbox 306 2585 413 2644; x_wconf 77' lang='lat' dir='ltr'><strong>vocari.</strong></span> <span class='ocrx_word' id='word_1_197' title='bbox 434 2587 471 2643; x_wconf 87' lang='grc' dir='ltr'><strong>Η.</strong></span> 
     </span>
    </p>
   </div>
   <div class='ocr_carea' id='block_1_7' title="bbox 590 2739 819 2764">
    <p class='ocr_par' dir='ltr' id='par_1_7' title="bbox 590 2739 819 2764">
     <span class='ocr_line' id='line_1_24' title="bbox 590 2739 819 2764; baseline -0.004 -3"><span class='ocrx_word' id='word_1_198' title='bbox 590 2739 819 2764; x_wconf 57' lang='lat' dir='ltr'><strong>mmmm</strong></span> 
     </span>
    </p>
   </div>
   <div class='ocr_carea' id='block_1_8' title="bbox 348 2881 1049 2943">
    <p class='ocr_par' dir='ltr' id='par_1_8' title="bbox 348 2881 1049 2943">
     <span class='ocr_line' id='line_1_25' title="bbox 348 2881 1049 2943; baseline -0.007 -1"><span class='ocrx_word' id='word_1_199' title='bbox 348 2885 499 2943; x_wconf 78' lang='lat' dir='ltr'><strong>NOTAE</strong></span> <span class='ocrx_word' id='word_1_200' title='bbox 527 2885 576 2942; x_wconf 87' lang='grc' dir='ltr'><strong>ΙΝ</strong></span> <span class='ocrx_word' id='word_1_201' title='bbox 603 2884 818 2942; x_wconf 79' lang='lat' dir='ltr'>SATIRAM</span> <span class='ocrx_word' id='word_1_202' title='bbox 844 2881 1049 2941; x_wconf 81' lang='lat' dir='ltr'><strong>SEXTAM.</strong></span> 
     </span>
    </p>
   </div>
   <div class='ocr_carea' id='block_1_9' title="bbox 200 3033 1202 3350">
    <p class='ocr_par' dir='ltr' id='par_1_9' title="bbox 200 3033 1202 3350">
     <span class='ocr_line' id='line_1_26' title="bbox 238 3033 1201 3156; baseline -0.008 -30"><span class='ocrx_word' id='word_1_203' title='bbox 238 3071 308 3156; x_wconf 83' lang='lat' dir='ltr'><strong>Haec</strong></span> <span class='ocrx_word' id='word_1_204' title='bbox 321 3067 405 3126; x_wconf 83' lang='lat' dir='ltr'><strong>satire</strong></span> <span class='ocrx_word' id='word_1_205' title='bbox 418 3069 449 3126; x_wconf 90' lang='lat' dir='ltr'><strong>in</strong></span> <span class='ocrx_word' id='word_1_206' title='bbox 461 3068 552 3126; x_wconf 85' lang='lat' dir='ltr'><strong>veteri</strong></span> <span class='ocrx_word' id='word_1_207' title='bbox 565 3063 666 3125; x_wconf 90' lang='lat' dir='ltr'><strong>codice</strong></span> <span class='ocrx_word' id='word_1_208' title='bbox 681 3033 856 3124; x_wconf 78' lang='lat' dir='ltr'><strong>cadurcensi</strong></span> <span class='ocrx_word' id='word_1_209' title='bbox 868 3063 1005 3142; x_wconf 87' lang='lat' dir='ltr'><strong>inscripta</strong></span> <span class='ocrx_word' id='word_1_210' title='bbox 1020 3073 1063 3122; x_wconf 86' lang='lat' dir='ltr'><strong>est</strong></span> <span class='ocrx_word' id='word_1_211' title='bbox 1075 3065 1109 3120; x_wconf 91' lang='lat' dir='ltr'><strong>L.</strong></span> <span class='ocrx_word' id='word_1_212' title='bbox 1124 3065 1201 3119; x_wconf 85' lang='lat' dir='ltr'><strong>Fur-</strong></span> 
     </span>
     <span class='ocr_line' id='line_1_27' title="bbox 200 3155 1202 3242; baseline -0.006 -20"><span class='ocrx_word' id='word_1_213' title='bbox 200 3167 300 3234; x_wconf 83' lang='lat' dir='ltr'><strong>sedio,</strong></span> <span class='ocrx_word' id='word_1_214' title='bbox 319 3168 457 3225; x_wconf 85' lang='lat' dir='ltr'><strong>Postumo</strong></span> <span class='ocrx_word' id='word_1_215' title='bbox 478 3164 537 3242; x_wconf 80' lang='lat' dir='ltr'><strong>(ait</strong></span> <span class='ocrx_word' id='word_1_216' title='bbox 556 3163 729 3241; x_wconf 87' lang='lat' dir='ltr'><strong>Pithoeus),</strong></span> <span class='ocrx_word' id='word_1_217' title='bbox 748 3155 799 3220; x_wconf 86' lang='lat' dir='ltr'><strong>sed</strong></span> <span class='ocrx_word' id='word_1_218' title='bbox 823 3160 909 3218; x_wconf 88' lang='lat' dir='ltr'><strong>male.</strong></span> <span class='ocrx_word' id='word_1_219' title='bbox 933 3165 1008 3222; x_wconf 86' lang='lat' dir='ltr'><strong>Nam</strong></span> <span class='ocrx_word' id='word_1_220' title='bbox 1030 3163 1116 3240; x_wconf 72' lang='lat' dir='ltr'><strong>poeta</strong></span> <span class='ocrx_word' id='word_1_221' title='bbox 1139 3158 1202 3238; x_wconf 76' lang='lat' dir='ltr'><strong>ipso</strong></span> 
     </span>
     <span class='ocr_line' id='line_1_28' title="bbox 201 3263 458 3350; baseline 0.004 -33"><span class='ocrx_word' id='word_1_222' title='bbox 201 3263 345 3318; x_wconf 68' lang='lat' dir='ltr'><strong>dmidium</strong></span> <span class='ocrx_word' id='word_1_223' title='bbox 357 3272 458 3350; x_wconf 83' lang='lat' dir='ltr'><strong>vocat:</strong></span> 
     </span>
    </p>
   </div>
   <div class='ocr_carea' id='block_1_10' title="bbox 181 3389 944 3766">
    <p class='ocr_par' dir='ltr' id='par_1_10' title="bbox 377 3389 765 3456">
     <span class='ocr_line' id='line_1_29' title="bbox 377 3389 765 3456; baseline -0.015 -14"><span class='ocrx_word' id='word_1_224' title='bbox 377 3391 425 3444; x_wconf 78' lang='lat' dir='ltr'><strong>Sed</strong></span> <span class='ocrx_word' id='word_1_225' title='bbox 437 3391 518 3456; x_wconf 80' lang='lat' dir='ltr'><strong>Placet</strong></span> <span class='ocrx_word' id='word_1_226' title='bbox 532 3390 625 3440; x_wconf 81' lang='lat' dir='ltr'><strong>Ursidio</strong></span> <span class='ocrx_word' id='word_1_227' title='bbox 636 3391 678 3440; x_wconf 81' lang='lat' dir='ltr'><strong>lex</strong></span> <span class='ocrx_word' id='word_1_228' title='bbox 690 3389 765 3440; x_wconf 86' lang='lat' dir='ltr'><strong>Julia.</strong></span> 
     </span>
    </p>

    <p class='ocr_par' dir='ltr' id='par_1_11' title="bbox 181 3461 944 3671">
     <span class='ocr_line' id='line_1_30' title="bbox 181 3461 742 3518; baseline -0.009 -2"><span class='ocrx_word' id='word_1_229' title='bbox 181 3462 292 3518; x_wconf 64' lang='lat' dir='ltr'><strong>litem:</strong></span> <span class='ocrx_word' id='word_1_230' title='bbox 312 3501 313 3510; x_wconf 68' lang='lat'><strong>.</strong></span> <span class='ocrx_word' id='word_1_231' title='bbox 740 3461 742 3466; x_wconf 89' lang='lat'>&#39;</span> 
     </span>
     <span class='ocr_line' id='line_1_31' title="bbox 376 3539 944 3605; baseline -0.007 -15"><span class='ocrx_word' id='word_1_232' title='bbox 376 3539 944 3605; x_wconf 61' lang='lat' dir='ltr'><strong>..........s...sijungiturulla</strong></span> 
     </span>
     <span class='ocr_line' id='line_1_32' title="bbox 374 3620 496 3671; baseline -0.025 0"><span class='ocrx_word' id='word_1_233' title='bbox 374 3620 496 3671; x_wconf 77' lang='lat' dir='ltr'><strong>Ursidio?</strong></span> 
     </span>
    </p>

    <p class='ocr_par' dir='ltr' id='par_1_12' title="bbox 201 3705 333 3766">
     <span class='ocr_line' id='line_1_33' title="bbox 201 3705 333 3766; baseline 0.023 -3"><span class='ocrx_word' id='word_1_234' title='bbox 201 3705 333 3766; x_wconf 83' lang='lat' dir='ltr'><strong>ibidem:</strong></span> 
     </span>
    </p>
   </div>
   <div class='ocr_carea' id='block_1_11' title="bbox 373 3799 988 3864">
    <p class='ocr_par' dir='ltr' id='par_1_13' title="bbox 373 3799 988 3864">
     <span class='ocr_line' id='line_1_34' title="bbox 373 3799 988 3864; baseline -0.01 -9"><span class='ocrx_word' id='word_1_235' title='bbox 373 3805 445 3856; x_wconf 84' lang='lat' dir='ltr'><strong>Certe</strong></span> <span class='ocrx_word' id='word_1_236' title='bbox 458 3819 534 3854; x_wconf 74' lang='lat' dir='ltr'><strong>unus</strong></span> <span class='ocrx_word' id='word_1_237' title='bbox 548 3818 616 3864; x_wconf 82' lang='lat' dir='ltr'><strong>eras,</strong></span> <span class='ocrx_word' id='word_1_238' title='bbox 627 3816 748 3863; x_wconf 84' lang='lat' dir='ltr'><strong>uxorem,</strong></span> <span class='ocrx_word' id='word_1_239' title='bbox 758 3805 884 3860; x_wconf 82' lang='lat' dir='ltr'><strong>Postume,</strong></span> <span class='ocrx_word' id='word_1_240' title='bbox 899 3799 988 3852; x_wconf 79' lang='lat' dir='ltr'><strong>decisi</strong></span> 
     </span>
    </p>
   </div>
   <div class='ocr_carea' id='block_1_12' title="bbox 198 3931 862 4014">
    <p class='ocr_par' dir='ltr' id='par_1_14' title="bbox 198 3931 862 4014">
     <span class='ocr_line' id='line_1_35' title="bbox 198 3931 862 4014; baseline 0.011 -22"><span class='ocrx_word' id='word_1_241' title='bbox 198 3932 350 3995; x_wconf 79' lang='lat' dir='ltr'><strong>dicebatur</strong></span> <span class='ocrx_word' id='word_1_242' title='bbox 361 3953 430 4014; x_wconf 79' lang='lat' dir='ltr'><strong>ergo</strong></span> <span class='ocrx_word' id='word_1_243' title='bbox 445 3931 579 3996; x_wconf 83' lang='lat' dir='ltr'><strong>Ursidius</strong></span> <span class='ocrx_word' id='word_1_244' title='bbox 593 3935 756 4000; x_wconf 56' lang='lat' dir='ltr'><strong>Postumo</strong></span> <span class='ocrx_word' id='word_1_245' title='bbox 778 3931 816 3990; x_wconf 77' lang='grc' dir='ltr'><strong>Η·</strong></span> <span class='ocrx_word' id='word_1_246' title='bbox 859 3969 862 3976; x_wconf 89' lang='grc'><em>·</em></span> 
     </span>
    </p>
   </div>
   <div class='ocr_carea' id='block_1_13' title="bbox 0 0 1477 4660">
    <p class='ocr_par' dir='ltr' id='par_1_15' title="bbox 0 0 1477 4660">
     <span class='ocr_line' id='line_1_36' title="bbox 0 0 1477 4660; baseline 0 0"><span class='ocrx_word' id='word_1_247' title='bbox 0 0 1477 4660; x_wconf 95' lang='lat' dir='ltr'><strong> </strong></span> 
     </span>
    </p>
   </div>
  </div>
 </body>
</html>
