2930 4660
360 359 617 465 uersata
640 361 971 430 JUVENALEM.
1109 363 1169 444 145

162 485 285 545 Mallem
303 497 402 546 umen
419 498 613 565 postannum
636 485 780 564 punctum
800 486 880 566 poni.
903 491 1010 548 Sensus
1030 487 1109 547 enim
1128 489 1171 546 ihi

163 581 271 661 plenus
287 595 331 641 est
346 594 377 641 et
389 583 510 679 petiuit.
524 572 604 661 Toga
623 582 746 641 candida
766 595 826 641 erat
836 598 848 654 ,¹
858 584 972 642 lacerna
990 584 1080 664 pulla.
1095 589 1171 645 sane

164 686 316 760 Angustus
332 680 393 740 visi
409 701 463 760 pro
481 683 621 741 concione
634 682 815 761 pullatorum
829 681 914 740 turbt
935 683 984 761 (id
1007 697 1068 754 est,
1082 685 1172 743 lacer-

164 780 339 856 natorum),
355 780 506 857 negotium
517 779 671 856 Aedilibus
687 779 785 850 dedit,
798 799 836 838 ne
850 799 939 858 quem
956 792 1124 860 paterentur
1139 781 1171 840 in

164 877 242 934 Foro
261 876 398 946 (lirense,
411 875 443 933 id
459 888 519 946 est,
530 875 562 934 in
582 875 702 954 publico
723 876 842 934 omnino
862 879 981 948 Roma,
996 877 1052 934 nisi
1069 859 1171 955 petitis

165 973 289 1030 lacernis
299 983 430 1052 togatum
438 971 605 1030 consistere.
615 974 762 1050 Interpree
768 982 851 1030 vetus
857 970 928 1052 legit
934 983 1032 1031 tamen
1039 977 1168 1046 lacertae,

165 1066 218 1125 ted
232 1066 316 1126 male.
418 1101 422 1110 ·

214 1147 216 1153 ⁸
342 1147 368 1198 si
380 1149 531 1214 poteeevelli
541 1145 815 1213 Circemibus,optime
826 1151 893 1198 Sora

341 1229 395 1277 Aut
403 1227 549 1278 Fabrateriae
559 1229 663 1290 domus,
674 1237 718 1277 tut
729 1229 868 1286 Frusinone
879 1237 988 1294 paratur.

167 1355 278 1429 idest,
292 1356 317 1416 si
330 1369 414 1437 potes
427 1377 512 1436 aequo
526 1358 625 1416 animo
637 1357 711 1416 urbe
724 1355 819 1416 Romi
836 1369 866 1416 et
880 1357 944 1438 ejus
956 1356 1034 1416 ludis
1047 1377 1080 1415 ae
1091 1376 1172 1436 epec-

167 1451 271 1512 tacuiie
290 1473 405 1526 carere,
420 1456 498 1512 Sorae
516 1465 568 1512 aut
585 1453 756 1512 Fabrateriae
775 1466 826 1512 aut
842 1453 1003 1513 Frusinone
1021 1455 1130 1532 optime
1143 1467 1174 1514 et

167 1550 420 1622 commodissime,
432 1551 525 1610 autin
539 1550 637 1628 aliqua
649 1550 705 1608 alia
718 1551 806 1608 simili
817 1551 957 1610 urbecula
968 1551 1076 1630 poteris
1086 1551 1172 1610 habi·
1200 1609 1206 1620 ,

167 1661 237 1705 tare.
253 1650 325 1706 Sora
340 1667 408 1726 ergo
424 1660 455 1706 et
472 1647 635 1708 Fabrateria
655 1657 684 1706 ct
703 1647 825 1706 Frusino
844 1659 927 1706 aetste
943 1647 1106 1720 Juvenalis,
1120 1668 1173 1706 scu

167 1743 331 1822 principatu
342 1744 455 1824 'l'rajani
462 1746 539 1822 Aug.
552 1763 606 1802 nec
615 1743 716 1802 Circos
726 1743 783 1801 sibi
794 1762 877 1813 suos,
888 1763 942 1802 nec
953 1743 1174 1821 Amphitheatro

166 1839 222 1897 sibi
233 1827 300 1912 sua,
311 1851 363 1897 aut
375 1859 490 1898 scenam
503 1839 689 1911 theatralem,
700 1851 751 1897 aut
764 1834 880 1900 arenam
893 1837 1055 1910 habebant,
1069 1851 1104 1897 ut
1116 1859 1173 1898 cae-

168 1948 235 1994 terae
248 1935 395 1996 urbeculae
407 1948 458 1994 aut
471 1935 613 2015 oppidula
630 1935 731 1993 Italiae.
752 1937 789 1993 Et
809 1937 906 1994 tuineu
920 1937 1072 1994 Fidenates
1089 1937 1174 1994 atitea

167 2032 285 2090 Tiberio
305 2031 436 2110 principe
456 2030 704 2110 amphitheatrum
726 2050 814 2090 suum
837 2029 984 2104 habudre,
1001 2031 1172 2103 Fidenates,

166 2128 303 2206 inquam,
319 2129 351 2186 in
370 2129 499 2200 Sabinis,
518 2127 625 2186 deserti
644 2125 701 2184 vici
725 2125 839 2184 incolae.
863 2127 946 2184 Certe
966 2128 1121 2184 Suetonius
1140 2127 1173 2185 in

166 2224 284 2282 Tiberio
299 2224 397 2282 scribit
412 2246 419 2282 :
437 2223 517 2302 apud
536 2222 658 2281 Fidenas
680 2240 766 2298 supra
783 2221 885 2299 viginti
906 2221 1060 2280 hominum
1080 2221 1173 2280 millia

124 2303 126 2309 Α
168 2319 336 2398 gladiatorio
350 2341 471 2379 munere
484 2317 689 2397 amphitheatri
707 2315 791 2376 ruind
806 2316 934 2396 periisse.
948 2317 1083 2377 Horatius
1095 2318 1173 2397 epis-

167 2413 228 2474 tola
241 2416 394 2476 undecimi
407 2417 475 2476 libri
489 2415 596 2496 primi:

342 2549 394 2600 scie
407 2548 521 2598 Lebedus
529 2547 606 2614 quim
619 2547 651 2596 sit
661 2546 747 2597 Gabiis
759 2545 894 2607 desertior,
904 2556 980 2613 etque
1046 2591 1049 2598 .

339 2629 436 2680 Fidenis
445 2629 509 2678 vicit
514 2663 524 2687 ,
534 2638 580 2677 etc.

167 2750 246 2809 Alias
260 2751 350 2808 umus.
365 2749 513 2808 iuvenalis
527 2748 636 2807 Gabios
654 2759 683 2806 et
702 2747 824 2806 Fidenas
833 2747 944 2818 ,urbes
959 2747 1030 2806 olim
1045 2748 1170 2818 Sabino-

165 2866 251 2919 rum,
267 2858 331 2906 tum
343 2858 442 2904 autem
456 2845 584 2904 desertos
597 2856 627 2902 ct
638 2843 789 2922 despectos
801 2843 899 2916 vicos,
911 2844 957 2904 bis
969 2845 1137 2924 conjungit:

342 2988 425 3054 liujus
437 2988 481 3052 qui
490 2987 598 3035 trahitur
611 2987 756 3035 Praetextata
767 3001 864 3034 sumere
874 2985 965 3046 mavis,

341 3069 384 3117 An
396 3068 545 3117 Fidenarum
558 3065 746 3131 Gabiorumque
756 3081 809 3114 eese
822 3067 951 3131 potestat?

978 3151 1018 3208 Η.

168 3298 199 3341 v.
220 3277 283 3357 234
285 3324 594 3342 ..........
611 3273 695 3342 Nam
709 3295 780 3364 quoe
795 3273 959 3338 meritoria
969 3295 1119 3338 somnum
1157 3309 1159 3312 ·

316 3371 547 3470 Admittunti]
597 3445 598 3450 η

207 3514 340 3576 Emendo
351 3537 359 3574 ε

106 3649 108 3664 ·
166 3640 175 3662 ’
259 3647 274 3684 ,·
443 3663 550 3681 .....
567 3645 626 3680 nem
634 3647 706 3696 quent
716 3629 843 3680 meritorie
854 3643 971 3682 nomm

339 3709 507 3762 Admittunt?

166 3840 202 3898 ld
214 3852 275 3912 est,
287 3839 406 3920 qualem
421 3847 522 3901 Roma
535 3858 671 3899 somnum
685 3837 845 3898 admittunt
862 3837 1030 3898 meritoria?
1042 3857 1110 3916 quoe
1123 3853 1172 3900 ta·

169 3937 276 4004 bemus,
290 3938 432 4018 interpres
447 3949 531 4000 vetus
550 3936 679 4016 exponit.
703 3939 765 4014 Ego
786 3933 925 3995 libentius
942 3935 1102 4014 lupanaria.
1124 3938 1172 3998 Sic

957 4062 997 4104 to
