2924 4662
400 369 642 447 ruruvau.
668 367 892 441 11111111
911 365 978 437 11.
1132 369 1199 460 ess

115 495 118 506 ¹
231 507 269 562 V.
290 519 357 577 ¹7⁰·
378 505 525 562 Teseamm
540 501 681 576 crepitus]
700 497 793 556 Testis
809 505 979 554 canantes
994 491 1197 572 percutiebant

192 600 364 660 saltantibus
372 599 557 677 pantomimis
561 619 571 671 3
581 594 718 675 quidam*
728 593 787 653 huc
798 609 859 651 non
869 603 931 650 erut
940 603 975 649 ut
985 589 1126 650 meseouri
1135 607 1198 670 per·

193 709 325 756 euterent
337 697 481 756 manibus.

232 797 268 852 V.
282 813 346 867 17²·
361 795 480 850 Vocibus
487 791 648 860 macru]
657 787 768 846 Diuites
778 785 928 845 cantilenis
937 784 1087 863 turpibus,
1096 793 1198 844 cetam

191 890 350 959 ubscoenis,
361 901 395 946 ut
406 887 463 946 illis
476 887 641 946 meretrices
653 885 824 946 abstineant.

231 989 267 1042 V.
282 986 347 1058 173.
360 986 419 1057 Qui
426 983 684 1044 Lacedaemonium
690 982 851 1056 pytismate
859 979 917 1036 lob.
928 979 1002 1048 cub]
1013 977 1073 1048 Qui
1081 977 1198 1055 exspuit

190 1100 278 1160 supra
293 1099 421 1138 marmor
434 1075 703 1146 Laesdeeuionium,
715 1093 777 1154 quc
792 1085 914 1132 emtum
925 1085 970 1131 eet
982 1074 1196 1152 pavimentum,
1312 1122 1315 1127 .

189 1189 226 1238 ut
238 1177 304 1236 leuc
320 1177 421 1246 sit,ut
430 1172 725 1252 saltantibuspnellis
735 1169 811 1229 nibil
821 1169 969 1248 impediet.
1105 1204 1108 1241 ,

232 1277 269 1330 V.
284 1281 348 1346 174.
360 1275 496 1346 Namque
507 1270 683 1344 ibifortunoe
690 1269 811 1324 vertiam
822 1267 948 1336 damu]
957 1265 1103 1338 Divitum,
1114 1266 1197 1344 quasi
1279 1301 1281 1316 .

194 1368 491 1446 liceatillispeccare.
800 1413 803 1422 .

140 1462 142 1470 ’
233 1467 270 1521 V.
290 1462 355 1538 175.
372 1465 445 1519 Hoec
459 1462 562 1520 ecdem
577 1461 641 1530 ille]
655 1458 690 1517 Id
705 1453 799 1528 est,si
814 1456 877 1516 alea
890 1457 992 1516 luserit
1005 1472 1131 1536 pauper,
1145 1470 1197 1516 aut

194 1559 371 1618 adulterium
381 1558 572 1628 commiserit,
585 1555 768 1616 damnandus
778 1566 835 1614 est:
846 1556 871 1614 si
881 1551 961 1613 dives
972 1554 1077 1618 bonum
1085 1553 1199 1634 reliquid

196 1653 297 1714 iecerit
307 1698 315 1725 ,
326 1656 445 1734 jocosus
458 1653 630 1732 appelletur.

231 1755 267 1809 V.
285 1751 348 1808 180.
366 1754 432 1824 Qua
446 1757 538 1822 voce]
553 1752 651 1820 Boua,
663 1767 700 1806 un
712 1745 797 1808 mula.

229 1849 266 1904 V.
281 1846 344 1916 184.
354 1849 433 1916 Nec,
439 1847 541 1922 pn'rna
551 1849 579 1904 si
585 1849 647 1903 luce
658 1851 793 1920 egressu]
801 1844 876 1904 Mire
884 1863 939 1902 nec
949 1844 1005 1922 ipsi
1016 1844 1058 1901 rei
1066 1845 1197 1923 pepercit

191 1943 286 2020 poeta.
299 1945 341 2000 Ne
354 1961 430 1998 uxor
442 1939 496 2000 tibi
507 1941 598 1999 bilem
607 1939 774 2016 contrahat,
786 1939 810 1997 si
823 1939 903 1997 tarde
915 1939 1090 2018 regreditur,
1103 1927 1196 2017 quaee

191 2037 286 2114 prima
294 2036 359 2095 luce
368 2049 560 2115 processerat,
573 2038 656 2096 etita
669 2055 812 2114 regressu,
825 2049 859 2096 ut
869 2055 900 2098 se
911 2036 1016 2114 prodat
1029 2035 1117 2112 signis
1129 2037 1197 2114 qui-

190 2129 316 2189 busdam
329 2132 520 2191 concubuisse
533 2152 602 2190 cum
614 2131 730 2191 moecho
743 2152 750 2188 :
766 2130 860 2191 solent
873 2132 952 2188 enim
962 2149 1045 2190 eures
1056 2142 1086 2187 et
1096 2132 1195 2189 vultus

191 2225 249 2284 sub
263 2245 313 2284 ora
326 2226 368 2284 eis
381 2227 495 2286 rubere.

231 2325 267 2380 V.
287 2321 349 2379 186.
365 2325 493 2379 Humida
505 2325 638 2400 suspectis
653 2345 675 2382 r.
693 2343 732 2381 m.
748 2329 783 2394 n]
797 2319 967 2391 Terentius,
980 2332 1133 2399 postquam
1148 2321 1196 2379 lu·

190 2418 326 2478 dilicatus
339 2431 382 2477 est
394 2419 552 2498 virginem,
564 2433 673 2480 vestem
691 2420 793 2478 scidit:
807 2432 908 2478 vexata
926 2419 1016 2498 igitur
1028 2436 1046 2474 a
1061 2417 1194 2490 moecho,

190 2513 245 2594 qui
257 2533 326 2572 cum
338 2533 372 2572 ec
385 2515 553 2600 concubuit.

230 2611 266 2668 V.
292 2621 355 2687 191.
377 2617 491 2668 Interea
511 2614 738 2688 Megalesium]
759 2615 823 2672 Hoc
844 2603 931 2685 ideo,
950 2612 1020 2691 quia
1041 2610 1195 2692 Megalesia

188 2705 336 2765 Circenses
349 2720 414 2766 ante
429 2707 521 2767 solem
535 2729 627 2787 prope
640 2707 809 2768 edebantur.

226 2806 686 2880 V.=192.Idoeumsolemne.]De
700 2806 753 2866 lde
766 2819 857 2865 matre
870 2806 975 2864 Betim.

227 2901 262 2956 V.
278 2901 341 2976 193.
355 2901 465 2958 Proeda
485 2903 684 2971 caballorum]
706 2905 825 2978 Pompe.
845 2903 991 2971 Quoniam
1010 2893 1193 2964 Circensibus

186 2993 262 3066 illis,
274 3015 350 3073 quos
361 3009 498 3075 pretores
511 2991 617 3069 edunt,
630 3015 707 3054 nnus
721 3009 765 3054 est
779 2996 899 3068 missus,
913 2997 965 3073 qui
977 2993 1139 3058 ordinarius
1149 3001 1192 3078 (5)

187 3089 295 3148 dicitur
307 3113 315 3148 ε
329 3092 398 3150 ideo
415 3075 512 3172 praede
531 3093 731 3164 caballorum,
748 3093 816 3170 quia
834 3091 979 3151 bcrdeurn
998 3107 1052 3168 pru
1069 3095 1125 3154 illo
1143 3096 1192 3154 die

185 3188 293 3265 atingae
304 3188 413 3247 tollunt
424 3209 585 3267 equorum,
598 3203 649 3248 aut
662 3188 727 3248 ideo
741 3188 838 3268 praedu
852 3187 941 3260 dixit,
954 3189 1094 3266 quonium
1103 3193 1191 3251 multi

186 3284 255 3360 equi
268 3284 473 3363 frangebantur
481 3287 524 3364 (6)
536 3287 639 3344 iisdem
653 3287 845 3346 Circensibus.
948 3293 950 3297 '

223 3380 260 3435 V.
278 3381 342 3454 196.
356 3383 493 3438 Eventum
504 3384 606 3438 uiridis
618 3405 646 3458 q.
659 3381 859 3459 c.panui.]1d
870 3393 931 3452 esi,
945 3381 1069 3441 erasini:
1083 3401 1119 3440 ex
1131 3381 1189 3442 clu-

121 3546 125 3552 ,
183 3491 266 3532 inore
277 3493 400 3552 magno,
415 3476 524 3556 colligo
535 3476 692 3536 victoriam.
863 3489 865 3492 “
925 3525 928 3532 .
1199 3507 1201 3512 ·

223 3572 259 3627 V.
275 3575 755 3648 197.Nam‚sideficeret.]1dese‚
770 3575 965 3636 slviuceretur
974 3575 1126 3636 erasinus:
1136 3592 1188 3635 ant

183 3667 208 3724 si
221 3665 279 3724 boe
291 3669 489 3743 spectaculum
504 3670 657 3742 deiiceret,
669 3685 703 3730 ut
715 3691 776 3732 nun
788 3686 884 3732 essent
896 3673 1057 3746 Cirnenses,
1069 3675 1109 3734 sic
1121 3676 1187 3734 tris-

183 3761 357 3820 tem'urbem
368 3762 498 3834 videres,
512 3776 548 3821 ut
561 3764 585 3821 si
598 3777 672 3824 esset
683 3767 762 3826 bello
773 3769 857 3828 victa.

207 3860 257 3914 V.
276 3857 340 3934 198.
357 3861 454 3917 Veluti
465 3861 632 3918 Cannarum
648 3865 681 3920 ἐκ
691 3867 831 3942 petivere]
844 3870 940 3926 Lucus
953 3865 984 3925 in
998 3863 1121 3944 Apulis,
1133 3865 1191 3923 ubi

182 3953 307 4014 nonani
319 3953 357 4014 ab
369 3953 512 4016 Annibale
524 3969 592 4016 sunt
601 3957 679 4017 victi.
770 3981 773 3990 ¹
