2924 4662
292 348 353 420 ito
506 347 657 414 VE'P'I'.
690 347 1086 422 COMMENTARII

331 474 369 530 V.
387 469 451 530 158.
468 469 540 529 Cim
553 475 667 530 Gaetula
678 474 800 544 ducem]
815 476 935 538 Constat
946 493 1013 531 nam
1023 469 1197 530 Annibalem
1210 491 1228 534 a
1240 469 1301 528 ful-

291 567 371 628 mine
382 567 474 626 ictum
486 567 549 646 (10)
563 567 684 628 ocrrlum
699 567 877 646 perdidisse,
889 567 1002 627 camelo
1020 567 1140 626 salinam
1152 565 1237 639 vehi,
1251 567 1300 626 vel

258 684 262 696 ι
293 663 457 742 elephanto.

330 769 372 840 V.
385 769 449 826 16¹.
460 771 561 826 Donec
571 767 715 842 Pantyene]
723 767 822 827 Prusia
834 767 1019 845 inUreynia*
1028 767 1198 830 civitas.Per
1205 787 1297 828 annos

246 859 251 867 ’
290 863 416 924 sedecim
427 863 554 922 Annibal
564 863 645 921 italia
659 863 762 942 pulsus
773 907 782 934 ‚
795 876 824 920 et
838 864 869 921 in
880 863 977 922 Africa
986 865 1080 924 victus
1093 864 1131 921 ab
1142 865 1295 942 Scipione,

288 975 320 1020 et
332 973 432 1042 postea
447 959 580 1038 pulsata
595 959 724 1032 civibus,
739 961 815 1040 fugit
828 961 865 1020 ad
879 961 1059 1022 Antiochum
1074 963 1163 1040 Syriae
1175 985 1294 1041 regem:

289 1077 380 1136 quem
393 1057 468 1116 male
484 1055 646 1135 impulsum
659 1057 697 1114 ad
709 1056 824 1118 bellum
839 1058 977 1116 Romanis
990 1057 1188 1130 inferendum,
1201 1059 1296 1118 victus

288 1174 357 1216 aum
368 1155 446 1234 regia
458 1154 548 1214 classe
561 1153 706 1212 deseruit:
721 1153 790 1212 inde
803 1153 954 1213 descendit
967 1153 1003 1214 ad
1013 1155 1142 1214 Prusiam
1153 1155 1295 1234 Bithynia

288 1271 396 1332 regem
408 1256 474 1324 Quo
489 1249 607 1328 cognitd
621 1251 745 1309 Romani
759 1248 850 1328 legati
860 1251 980 1312 mittunt
993 1249 1030 1308 ad
1043 1252 1188 1322 Prusiam,
1201 1254 1294 1324 Quin-

285 1348 548 1421 tanlaminium‚
558 1359 592 1404 ut
601 1347 657 1416 sibi
666 1347 784 1412 duratur
793 1345 998 1426 perducendus
1006 1345 1042 1404 ad
1048 1347 1153 1406 urbem
1161 1352 1291 1406 Romam.

288 1443 376 1516 Quod
395 1463 432 1500 ne
452 1443 551 1512 fieret,
568 1443 707 1521 praevenit
724 1441 852 1500 Annibal
870 1440 974 1502 hausto
989 1461 1119 1514 veneno,
1133 1443 1216 1522 qnod
1237 1442 1292 1502 sub

286 1539 389 1600 annuli
400 1559 515 1618 gemma
528 1540 608 1600 omni
622 1551 753 1616 tompore
767 1537 916 1596 habitarat.

325 1650 362 1702 V.
388 1645 452 1702 165.
480 1647 647 1702 Cannarum
668 1646 807 1714 usiadem]
831 1643 907 1716 Quia
928 1643 1058 1723 popalus
1078 1621 1157 1724 apud
1179 1647 1290 1703 Cannas

285 1742 384 1802 mcum
398 1739 530 1818 Apuliae,
544 1739 582 1796 ab
595 1739 740 1796 Annibale
755 1740 868 1798 occisus
881 1752 933 1798 est

324 1851 361 1903 V.
382 1845 447 1918 167.
464 1847 503 1901 Ut
508 1863 610 1920 paens
615 1847 762 1920 placeas]
775 1848 816 1904 Ut
829 1844 866 1902 de
880 1856 908 1902 te
919 1863 1002 1922 paen
995 1829 1160 1902 studentes
1170 1843 1289 1917 dicant,

283 1944 316 2002 in
343 1939 450 2000 sobolis
480 1927 691 2014 delibeiativa,
713 1939 841 2047 Annibal
867 1951 968 1998 utrum
991 1920 1029 1998 de
1052 1940 1177 2020 Alpibus
1202 1959 1288 2002 rece-

286 2039 377 2102 deret.
445 2039 450 2046 '

321 2147 359 2202 V.
376 2144 441 2204 168.
458 2145 537 2202 Unio
548 2144 682 2213 Pellaeo]
695 2141 863 2202 Alexandro
880 2162 995 2224 magno.
1009 2142 1063 2200 Hic
1080 2161 1148 2200 nam
1163 2143 1194 2200 iu
1208 2141 1286 2204 Pella

281 2254 368 2302 natus
380 2253 424 2300 est
435 2240 613 2300 Macedonia
629 2237 753 2298 civitate.

321 2351 357 2408 V.
372 2365 436 2420 ¹⁷⁰·
449 2349 488 2404 Ut
500 2347 607 2421 Gyaroe
618 2345 654 2402 cl.
665 2349 731 2420 np'.
743 2365 771 2419 q.
783 2343 935 2420 Serypson
949 2341 1055 2402 Insulae
1068 2343 1284 2422 angustae(11),
1454 2389 1455 2402 .

283 2444 420 2504 exulibus
433 2455 516 2519 aptae.

322 2553 358 2606 V.
380 2568 444 2620 171.
466 2546 538 2603 Cim
556 2557 652 2602 tamen
670 2565 690 2600 a
701 2544 804 2620 figulus
821 2547 934 2615 munit]
952 2541 1129 2622 Babylonem
1143 2544 1283 2622 significas

281 2646 432 2704 Persarum
450 2640 619 2698 civitatem:
639 2658 729 2716 quam
752 2637 884 2696 condidit
904 2639 1008 2697 urbem
1030 2639 1195 2698 Semiramis
1214 2642 1283 2700 Nini

282 2757 372 2807 uxor,
386 2748 415 2794 et
429 2735 526 2794 mutili
539 2734 628 2792 latere
645 2734 787 2802 munivit,
802 2753 892 2810 quem
911 2729 999 2793 bodie
1019 2721 1144 2792 dioimus
1162 2735 1281 2798 ordina.

276 2833 358 2893 rium
371 2831 508 2912 lapidem.
521 2835 555 2890 In
566 2830 620 2890 bac
630 2830 720 2910 igitur
729 2829 802 2888 urbe
813 2828 977 2888 Alexander
987 2829 1107 2888 devictis
1116 2831 1225 2900 Persis,
1235 2831 1282 2888 in-

279 2947 393 3007 gressus
413 2947 524 2987 veneno
545 2927 640 3006 periit
662 2927 730 2984 Haee
751 2926 822 2982 urbs
845 2926 988 3004 sexaginta
1010 2925 1137 2983 millium
1157 2927 1282 2992 circuitu

278 3036 359 3104 patet
371 3043 406 3082 ex
419 3025 507 3087 latere
520 3035 604 3082 coeto
618 3021 795 3083 circumdata
813 3022 923 3091 muris,
938 3040 1065 3100 quorum
1083 3021 1208 3082 latitudo
1221 3023 1280 3082 du-

279 3133 379 3178 centos
392 3119 481 3200 pedes
491 3120 615 3189 detinet,
630 3117 753 3176 altitudo
766 3117 984 3200 quinquaginta.
1052 3157 1058 3166 ·

316 3227 353 3282 V.
372 3241 436 3297 172.
450 3223 634 3298 Snrcophagn
652 3227 822 3292 contentus]
845 3224 940 3298 Quem
953 3222 1052 3282 vivum
1071 3221 1200 3286 mundus
1218 3242 1279 3290 non

269 3301 407 3400 tepebat,
421 3330 554 3377 mortuus
566 3317 672 3395 exiguo
686 3316 753 3374 loco
767 3327 922 3374 contentus
935 3328 987 3375 est.

316 3430 353 3483 V.
372 3433 435 3497 ¹7t·
452 3423 616 3498 Velsficatns
629 3422 740 3492 Athon]
761 3424 889 3480 Xerxem
908 3421 979 3480 dicit
993 3424 1144 3484 Persarum
1161 3443 1275 3502 regem,

276 3523 329 3600 qui
338 3521 484 3580 Athonem
492 3516 780 3578 monteminAcbaia
788 3502 896 3575 dicitur
904 3518 1076 3595 perforasse,
1086 3532 1116 3577 st
1124 3520 1278 3578 immisisse

276 3617 358 3677 terris
375 3635 485 3676 novum
504 3633 601 3672 mare:
616 3625 741 3694 pontum
758 3612 958 3672 contabulasse
977 3615 1115 3686 navibus,
1129 3622 1218 3692 atque
1234 3615 1276 3672 ita

220 3749 231 3768 .
275 3713 434 3774 exercitum
446 3712 478 3769 in
489 3709 627 3770 Achaiam
641 3709 829 3768 transtulisse.

313 3821 350 3878 V.
374 3819 438 3891 178.
461 3819 500 3876 Et
516 3817 643 3873 madr’eis‘s
660 3828 762 3873 cantat
779 3835 846 3890 quoe
865 3815 1006 3873 Sostratus
1027 3819 1110 3888 alab]
1131 3819 1279 3876 sostratus

275 3917 361 3996 poita
367 3913 430 3975 fuit.
440 3912 608 3978 liichrxis
615 3910 1182 4002 regisiactadescripsit.btadidisaaatem
1191 3912 1278 3986 ideo.

1452 1065 1457 1282 ι
