2924 4662
298 365 362 434 306
501 339 649 429 vur'r.
673 309 1065 425 consternauit

299 475 302 482 Δ
333 495 369 547 V.
387 489 433 564 39.
447 489 495 544 Ex
507 485 630 542 humeris
639 487 738 541 oulaea
747 487 842 558 toga]
852 481 1004 560 Eleganter
1015 479 1121 552 anius,
1135 478 1218 560 qnafl
1230 481 1299 544 latis

294 585 374 644 veiis.
386 584 504 640 Cicero:
522 584 597 638 Velis
611 583 729 637 amictos
743 599 799 636 non
813 581 890 653 togis.

300 663 305 694 ¹
331 682 368 737 V.
385 685 432 746 4ο.
451 679 574 734 Tantum
589 678 706 746 orbem]
724 677 844 732 Tantam
857 671 1101 742 multitudinem„

271 832 275 836 ,
329 776 365 830 V.
380 772 427 842 43.
442 776 492 828 Da
503 792 578 828 nunc
592 774 788 839 etvolucrem,
799 774 930 844 sceptro]
940 768 1049 846 Virgae,
1059 770 1147 845 quain
1157 769 1295 828 consules

292 880 424 948 portant,
438 867 507 946 quia
520 886 606 942 supra
619 865 729 942 aquilas
742 863 860 921 faciunt.

303 949 305 954 Ι
329 969 366 1023 V.
379 963 425 1033 45.
435 968 473 1022 Et
482 966 577 1020 niveos
586 961 723 1037 adfrena
732 959 874 1034 Quiritem]
884 963 920 1018 lu
929 957 1060 1018 candidis
1072 958 1146 1036 togis
1157 960 1291 1019 officinm

289 1061 433 1119 facientes.

327 1161 362 1214 V.
377 1157 423 1224 46.
441 1156 519 1230 Quos
529 1153 692 1230 sportulas.
704 1159 745 1224 α.]
757 1155 824 1210 Nou
836 1169 918 1210 arnor
927 1170 1030 1223 veras,
1042 1150 1093 1210 sed
1104 1153 1243 1230 sportnh.

325 1254 362 1309 V.
379 1260 425 1326 47.
445 1255 523 1308 Tunc
536 1269 648 1326 quoque
661 1256 743 1320 mat]
757 1253 840 1310 Tunc
853 1267 972 1326 quoque
986 1247 1095 1308 invenit
1104 1249 1288 1308 Democritus

286 1348 435 1410 materiam
448 1348 540 1419 risbs,
555 1345 624 1404 cium
639 1345 717 1416 haec,
733 1365 799 1424 quae
812 1346 843 1404 in
855 1345 936 1406 Urbe
952 1345 1042 1416 fiunt,
1054 1343 1181 1403 necdum
1192 1358 1287 1405 essent

285 1456 413 1524 reperta3
426 1442 458 1501 id
471 1455 531 1513 est,
546 1443 638 1522 major
651 1443 800 1512 severitas,
813 1455 842 1500 et
855 1441 950 1501 minor
961 1441 1068 1498 vanitas
1079 1454 1162 1499 esset.
1300 1457 1303 1462 ’

323 1542 359 1597 V.
378 1538 424 1597 50.
444 1541 595 1594 Vervecum
609 1540 770 1613 inpolitis]
785 1535 875 1615 Apud
888 1535 1044 1606 Abderim,
1060 1547 1111 1593 aut
1126 1537 1282 1616 Megarint,

284 1653 350 1713 quae
365 1634 422 1692 fuit
439 1635 529 1712 patria
544 1633 720 1691 Democriti:
735 1651 803 1688 num
822 1651 859 1690 ex
876 1631 943 1688 coeli
956 1631 1025 1688 vitio
1043 1629 1173 1708 regiones
1190 1631 1284 1690 solent

284 1729 435 1788 aestimari:
450 1747 516 1784 nam
530 1727 587 1784 fnit
597 1727 798 1797 Democritus,
812 1725 866 1784 ubi
877 1727 958 1785 stulti
971 1725 1065 1811 solept
1075 1727 1165 1797 nasci,
1177 1725 1207 1783 id
1220 1740 1281 1802 est,

281 1824 420 1885 achivus.
431 1823 504 1881 Vult
513 1823 603 1903 igitur
615 1823 815 1882 Democritum
826 1824 902 1882 inter
912 1823 1016 1882 stultos
1026 1822 1280 1901 prudentissimum
1317 1819 1322 1838 ’

280 1934 392 1980 natum·
881 1915 884 1922 ’

320 2023 356 2076 V.
375 2018 422 2076 52.
442 2018 512 2074 Ciam
523 2017 656 2092 fortunoe
675 2022 736 2094 {ose
754 2021 880 2090 minaci]
896 2015 971 2078 Cium
988 2018 1134 2076 fortunam
1148 2029 1281 2075 contern-

280 2127 378 2185 neret,
394 2113 468 2172 nihil
488 2115 589 2172 dicens
610 2134 640 2172 ss
664 2113 769 2174 babere
783 2116 865 2194 qttod
885 2115 923 2174 ab
945 2135 979 2174 ea
998 2127 1191 2194 exspectaret:
1207 2115 1279 2192 quin

279 2212 370 2270 immo
381 2210 482 2270 infami
497 2209 588 2290 digito
602 2212 629 2269 ei
644 2212 767 2290 turpiter
781 2212 937 2271 insultaret.

317 2310 353 2364 V.
368 2306 415 2364 55.
432 2310 532 2364 Genua
553 2310 700 2380 incerare]
718 2309 853 2386 Insignis
868 2308 1009 2386 insiguare
1018 2309 1049 2378 *,
1063 2319 1131 2366 vota
1140 2307 1244 2377 ¹facere.

314 2409 351 2461 V.
364 2403 411 2477 57.
425 2406 572 2460 Honorum
579 2407 716 2480 pagum]
728 2409 825 2463 Aenea
837 2405 959 2484 pagina,
973 2423 1038 2482 quae
1049 2417 1115 2462 ante
1123 2404 1277 2482 imaginem

277 2519 378 2559 eornm
389 2513 479 2570 stans,
490 2519 591 2558 omnes
599 2521 701 2560 eornm
710 2501 816 2579 gradus
824 2500 969 2560 honorum
977 2501 1131 2581 inscriptos
1138 2502 1276 2560 continet:

276 2617 365 2676 quam
378 2615 456 2653 nunc
470 2595 591 2666 dicunt,
605 2595 733 2656 tabulam
745 2596 934 2675 patronatds(
954 2599 976 2676 ).

315 2693 355 2748 V.
369 2690 416 2748 58.
434 2693 602 2766 Restemque
611 2699 783 2768 sequanum]
799 2691 982 2764 Trabantur,
994 2693 1151 2754 ducuntur.

315 2791 351 2843 V.
362 2785 409 2862 59.
425 2789 560 2861 Impacta
573 2789 706 2859 sermm]
723 2788 753 2846 si
767 2788 889 2861 intaeta,
904 2809 997 2848 nova:
1014 2792 1038 2849 si
1051 2791 1191 2869 impacta,
1207 2809 1275 2869 per-

277 2901 376 2953 cussa,
393 2883 430 2940 ab
443 2903 478 2941 eo
490 2884 570 2962 quod
585 2897 629 2942 est
641 2885 781 2964 impingo.

313 2984 348 3036 V.
361 2979 409 3036 60.
421 2983 461 3036 Et
470 2981 617 3038 immeritis
617 2981 648 3056 f
660 3003 684 3038 c.
697 2983 836 3054 caballis]
847 2983 961 3055 Quibus
969 2984 1045 3041 vecti
1054 2996 1121 3042 sunt
1129 2980 1272 3041 honorati.

273 3077 347 3134 Nam
364 3080 449 3154 posta
462 3090 610 3158 equestres
622 3091 730 3138 statuas
747 3091 776 3136 et
794 3080 957 3138 consulares
971 3080 1041 3140 dicit
1053 3079 1197 3138 immerito
1211 3100 1272 3158 pos

272 3192 339 3230 nam
354 3174 512 3245 sustinere,
528 3173 629 3231 autad
644 3188 748 3234 restem
763 3176 853 3234 trabi:
868 3177 949 3254 quod
961 3179 1006 3256 ait,
1016 3178 1114 3255 sequi,
1126 3189 1177 3236 aut
1192 3189 1271 3236 certe

271 3267 391 3326 conflari
401 3267 458 3345 (4),
469 3289 538 3326 eum
551 3269 670 3328 fuerunt
678 3272 701 3341 *,
715 3273 838 3350 propriis
851 3273 981 3332 moribus
994 3274 1111 3352 dignam
1124 3273 1270 3334 sustinue-

196 3357 203 3374 ⁸
270 3377 339 3423 runt
354 3363 539 3434 sententiam,
552 3385 586 3423 ex
599 3386 658 3444 quo
670 3367 794 3427 ostendit
805 3390 857 3448 per
869 3368 925 3428 hoc
935 3371 1021 3429 vitam
1033 3371 1187 3429 nobilium.

310 3459 1267 3545 V.6i.Iamstridentigaes]Conflantrstatua,utpecuniaindefiat.

308 3562 344 3615 V.
354 3559 551 3629 susejanuc]
560 3561 679 3639 Sejanus
685 3560 865 3623 fuitTiberio
874 3585 966 3643 usque
975 3565 1047 3624 adeo
1056 3584 1139 3624 carus
1147 3566 1268 3637 amicus,

267 3668 302 3714 nt
313 3655 387 3713 nibil
401 3667 480 3714 esset·
488 3655 569 3734 qued
583 3657 610 3714 ei
622 3676 639 3715 a
651 3657 766 3718 Tiberio
780 3663 889 3740 petenti
902 3674 1071 3740 negaretur:
1085 3681 1179 3740 usqne
1192 3661 1266 3721 adeo

265 3753 353 3812 etiam
366 3753 403 3811 de
416 3771 451 3810 eo
465 3754 632 3831 cogitaverit
649 3775 766 3828 necem,
777 3769 815 3816 -ut
833 3758 979 3837 dispositis
993 3760 1198 3840 conjurationis
1214 3778 1267 3818 so·

264 3851 317 3909 ciis
326 3853 421 3909 occiso
431 3843 618 3930 Tiberio'ipse
630 3865 775 3931 regnaret:
787 3852 855 3914 cium
863 3854 919 3914 boc
930 3858 1109 3935 cognovisset
1116 3857 1265 3928 Tiberius,

266 3965 353 4026 super
364 3949 426 4027 ejus
435 3949 554 4009 nomine
568 3949 721 4030 epistolant
734 3950 773 4012 ad
789 3964 918 4014 senatum
931 3954 1025 4026 misit,
1036 3967 1066 4015 et
1078 3955 1120 4014 sic
1132 3971 1185 4032 per
1196 3973 1277 4014 con--¹
