2922 4672
192 388 697 424 mmmmm

269 525 329 596 IN
353 525 576 595 SATIRAS
596 527 642 594 D.
662 527 681 592 J
689 527 813 597 UNII
836 529 855 594 J
864 529 1136 599 UVENALIS

197 763 201 769 .
236 707 408 768 canon
429 706 616 796 vaLEstt
639 708 940 778 DISQUISITIO
959 711 1160 770 cumea.

551 871 867 896 ..ὴ-...αισι

150 1057 153 1062 “
201 1005 332 1108 Parin
350 1015 434 1110 satira
452 1052 558 1129 scripta
576 1063 620 1110 eat
638 1051 753 1129 ijani
772 1051 954 1129 principatu,
965 1071 1033 1110 nam
1050 1051 1082 1108 in
1099 1070 1133 1110 ea
1145 1071 1208 1110 me·

201 1148 288 1204 minit
305 1147 390 1206 Marii
411 1147 517 1217 Prisci,
532 1147 584 1224 qui
603 1148 725 1226 'trajano
747 1148 878 1226 principe
897 1167 933 1206 ex
953 1148 1051 1206 Africa
1067 1160 1208 1228 repetun-

201 1243 307 1302 darum
319 1243 474 1303 damnatus
487 1255 547 1315 eat,
561 1255 633 1302 teate
647 1243 741 1303 Plinio
754 1244 785 1304 in
799 1243 938 1323 epistolis.

377 1377 455 1426 Exsul
469 1376 500 1424 ab
512 1385 598 1425 octava
611 1377 707 1425 Marino
720 1375 800 1436 bibit,
813 1387 837 1424 et
847 1377 1008 1426 fruitur-Biia

379 1457 463 1516 Iratia,
476 1467 501 1506 at
513 1467 542 1506 tu
555 1455 649 1504 viatrix
658 1453 787 1522 provincia
797 1458 888 1522 plorat.
920 1481 924 1488 ·
946 1479 949 1488 .

241 1581 376 1640 Secunda
389 1551 541 1663 item'poot
554 1591 678 1638 mortem
691 1579 869 1651 Domitiani,
881 1583 982 1640 Nervae
994 1579 1041 1638 vel
1055 1591 1132 1638 corte
1143 1581 1212 1636 Tra·

199 1677 262 1757 jani
282 1679 449 1758 principatu
468 1697 546 1736 novo
569 1678 732 1755 conscripta
755 1690 815 1738 eat:
836 1677 919 1756 quod
941 1689 1095 1758 sequentes
1113 1693 1213 1752 amnuo

203 1787 364 1835 testantur:

295 1887 298 1892 '
378 1874 466 1938 Qualia
478 1885 531 1924 erat
543 1876 636 1941 tragico
650 1891 732 1940 nuper
742 1875 856 1940 pollutus
866 1874 964 1923 adulter

379 1953 537 2013 Concubitu,
545 1955 590 2019 qui
602 1968 664 2003 tuno
677 1955 743 2020 leget
757 1953 888 2002 revocabat
898 1969 993 2001 amarat

379 2032 518 2093 Omnibus,
530 2044 604 2097 atquo
617 2031 677 2100 ipiio
687 2033 781 2082 Veneri
790 2034 917 2097 Martique
927 2032 1063 2092 timendm

379 2109 443 2162 Ciam
454 2123 492 2160 tot
500 2112 619 2160 abortivis
631 2111 763 2160 fecundam
774 2111 842 2160 Julia
852 2112 954 2159 vulvam

380 2191 492 2242 Solveret
501 2229 509 2254 ,
517 2203 542 2240 et
550 2203 640 2258 patruo
653 2191 744 2240 aimilea
754 2191 894 2239 effunderet
902 2189 972 2241 offan.

139 2336 147 2398 '.
202 2393 206 2400 ι
237 2312 293 2368 .De
304 2311 387 2369 tertia
399 2312 442 2370 nil
456 2331 577 2390 possum
589 2311 742 2370 affirmare.
761 2313 797 2368 In
816 2331 850 2370 ea
868 2310 1017 2370 Stratoclia
1033 2322 1064 2370 et
1075 2311 1215 2370 Demea-ii

199 2407 426 2492 'oomoedcrum
438 2409 491 2486 qui
502 2408 662 2466 Domitiani
677 2419 807 2488 tempore
822 2407 1001 2476 floruerunt,
1016 2417 1087 2466 teste
1099 2407 1217 2478 Quinti-

205 2501 299 2575 liano,
312 2505 463 2563 meminit:
476 2505 647 2570 Veientonia
659 2505 730 2564 item
743 2517 773 2564 et
783 2504 890 2574 Codri,
905 2503 958 2582 qui
968 2501 1073 2564 eodem
1084 2503 1216 2582 principe

205 2619 313 2659 vixere.

246 2719 387 2787 Quartam
401 2713 509 2796 legenti
520 2729 600 2796 patet
612 2739 629 2778 a
643 2729 736 2776 morte
749 2717 910 2777 Domitiani
923 2735 985 2774 ease
998 2714 1170 2774 confectam.

199 2886 201 2899 ,
245 2832 290 2890 De
303 2831 407 2909 quinta
419 2852 479 2891 non
495 2845 591 2910 potest
604 2834 761 2912 quisquam
774 2831 938 2910 quidquam
951 2821 1057 2890 dicere.
1114 2830 1119 2840 '

200 2981 203 2988 »
245 2944 366 3002 Satiram
378 2959 488 3004 sextam
498 2947 531 3006 in
541 2947 664 3006 feminas
673 2959 747 3026 puto
754 2947 913 3005 Domitiani
920 2947 1086 3024 principatu
1094 2929 1213 3013 editam,

147 3063 151 3068 ·
171 3063 174 3068 ·
208 3053 272 3098 tum
286 3041 368 3118 quod
386 3042 498 3100 nullius
520 3045 551 3101 in
574 3065 607 3102 ea
627 3045 807 3103 mentionem
828 3043 890 3102 fieri
908 3042 1014 3114 video,
1029 3043 1081 3121 qui
1094 3043 1218 3120 TraJano

207 3137 340 3216 principe
358 3137 505 3209 floruerit,
517 3153 582 3198 tum
601 3141 639 3200 ob
659 3140 710 3199 has
730 3149 847 3212 causas,
859 3141 1025 3215 redplacet
1043 3141 1155 3196 Ursidio
1172 3141 1220 3194 lar

207 3235 288 3289 Iulio
308 3233 345 3291 dc
366 3235 517 3316 adulteriis
537 3249 567 3294 et
588 3238 624 3296 de
647 3237 816 3296 maritandis
839 3233 1009 3306 ordinibus,
1024 3234 1221 3292 aDomitiano

210 3333 335 3389 Censore
348 3345 498 3405 revocata,
514 3355 550 3391 ex
568 3335 724 3404 Juvenale,
737 3333 869 3392 Martiale
888 3345 917 3391 et
935 3333 1008 3391 aliis.
1023 3335 1061 3392 Et
1070 3330 1221 3414 Ursidium

195 3427 384 3497 ,Postumum
397 3449 414 3487 a
428 3431 540 3508 nuptiis
553 3429 701 3489 deterrens
714 3431 755 3488 ait
768 3453 775 3486 :

386 3562 487 3626 Accipio
496 3577 601 3610 uxorem
609 3597 616 3621 ,
625 3563 657 3612 de
666 3580 715 3627 qua
725 3561 877 3612 citharoedus
887 3562 986 3611 Echion

384 3637 436 3689 Ant
445 3641 587 3706 Glaphyran
597 3641 641 3690 liat
654 3642 927 3708 praemunirem
936 3642 1074 3692 choraules.
1124 3657 1127 3663 ·
1205 3644 1209 3650 '

211 3759 379 3838 Glaphyran
400 3774 499 3820 autem
519 3760 679 3820 Domitiani
701 3762 869 3842 principatu
887 3763 920 3821 in
942 3783 1026 3822 scena
1048 3727 1168 3834 domit,
1188 3779 1224 3821 ex

208 3857 343 3918 Martiale
356 3869 386 3918 et
396 3855 470 3916 aliis.
486 3860 523 3915 Et

386 4006 393 4020 .
411 4006 418 4021 .
436 4008 442 4022 .
462 3958 526 4023 ,πρὸ
539 3983 576 4024 est
588 3990 664 4043 quaro
677 3991 788 4038 omnam,
800 3986 824 4026 et
838 3987 963 4028 mustacea
975 3975 1063 4042 perdas
1109 3973 1113 3984 '
