2818 4654
393 295 776 392 un'ruvuuaun.
1045 329 1085 398 31

83 445 157 526 quod
175 457 258 526 agat,
272 465 303 506 se
319 445 393 508 nihil
406 449 532 520 hahere3
548 464 704 530 propterea·
722 451 804 530 quod
824 452 931 510 nesciat
950 452 1087 526 mentiri,

82 558 161 623 atque
172 547 311 604 assentari
319 565 379 604 non
389 547 495 626 possit,
508 547 633 618 librum,
644 549 668 605 si
682 547 776 605 malus
788 561 845 620 est,
858 549 1022 620 laudando,
1036 569 1086 620 ac,

23 607 25 694 l
82 654 213 721 tanquam
229 644 253 700 si
267 643 396 722 optimus
415 657 507 715 esset,
522 644 692 722 poscendo:
709 645 782 722 quid
800 657 874 716 erat,
890 647 1010 722 Superi!
1027 647 1088 704 dic·

80 738 212 810 tums,si
226 739 374 797 incidisset
386 741 418 798 in
431 740 548 800 ridiculi
567 741 708 799 sermonis
725 739 879 813 homines,
896 753 946 800 aut
962 741 986 799 si
998 742 1088 801 delati

79 848 149 894 retro
167 835 207 893 ad
227 835 306 893 illius
327 855 421 896 aevum
443 837 491 894 isti
511 839 626 896 esseut?
644 837 795 917 quomodo
817 837 1013 916 exagitamrus
1032 837 1087 898 hos

56 934 60 945 '
79 932 212 990 litteratos
226 932 407 1004 illitteratos,
422 943 452 992 et
465 933 554 992 salsos
563 933 704 1005 insulsos,
720 933 771 1012 qui
785 945 844 992 tam
855 933 933 992 foede
945 933 1086 994 diducant

78 1031 176 1099 rictus,
190 1041 221 1087 et
234 1011 389 1090 cachinnos
402 1031 506 1089 tollant
518 1031 714 1090 miserabilem
728 1032 843 1109 potius,
859 1028 949 1108 quim
963 1030 1086 1114 hilarem

78 1127 104 1182 in
112 1125 250 1191 modum?
259 1124 315 1184 Sed
322 1145 359 1185 ne
369 1126 543 1206 fiatlongius
551 1147 612 1186 non
621 1128 798 1196 necessario,
808 1127 848 1184 sic
858 1126 1085 1204 distinguemus:

23 1287 25 1310 Ι
77 1223 240 1292 Horatium,
254 1223 366 1302 placide
381 1236 410 1282 et
423 1224 529 1283 leniter
540 1223 711 1292 influentem
726 1224 898 1294 inanimes,
914 1222 1034 1282 suadere
1047 1223 1088 1281 η’-

76 1320 181 1378 dendo:
198 1321 422 1378 subsannantem
433 1321 564 1378 Persium
578 1319 776 1399 philosophari
788 1319 882 1378 velle:
897 1319 1085 1390 Iuvenalem,

76 1417 153 1492 quasi
165 1415 292 1474 crudum
305 1427 335 1474 et
348 1429 553 1487 nauseantem,
568 1415 710 1496 indignari
725 1416 839 1486 omnia,
854 1428 888 1473 ut
901 1414 949 1473 hic
962 1415 1083 1474 abunde

76 1515 154 1574 saciat
165 1513 247 1574 dicto
263 1534 318 1572 suo
337 1513 445 1586 fidem,
462 1527 492 1574 et
512 1535 600 1594 quem
621 1514 705 1573 initio
727 1513 850 1592 protulit
866 1533 999 1582 versum,
1014 1513 1084 1572 totis

75 1611 155 1672 satiris
172 1612 367 1690 comprobet:
383 1614 417 1670 Si
435 1625 541 1670 natura
562 1623 665 1687 negat,
699 1613 760 1668 acic
773 1612 934 1688 zndae'gnario
952 1629 1078 1668 versum,

74 1709 132 1778 llaec
146 1711 182 1766 V.
204 1708 249 1768 cl.
265 1697 302 1766 cle
312 1711 438 1766 Ludicra
449 1710 526 1768 Dies.
540 1729 570 1787 p.
588 1716 642 1778 241
660 1719 688 1765 et
702 1727 783 1786 seqq.
800 1706 840 1764 sic
854 1708 1028 1764 Hennrnrus.

479 1897 663 1920 mmm

104 2035 286 2106 Boinasa,
300 2036 356 2090 Art
367 2035 503 2110 Poetique
510 2075 522 2104 ,
537 2033 627 2090 chent
639 2037 693 2105 II,
709 2052 740 2090 v.
760 2029 814 2090 155
830 2044 861 2089 et
872 2032 1017 2089 suivantr:

182 2145 327 2216 Juvenal,
342 2143 421 2204 eleni
436 2147 508 2206 dans
522 2146 565 2204 les
580 2149 637 2204 cris
650 2145 687 2204 dc
701 2145 823 2217 recole,

185 2245 297 2300 Poussa
308 2239 425 2320 jusqu'h
436 2239 541 2298 l'exciss
561 2251 591 2298 sa
604 2228 755 2298 niordante
768 2241 939 2318 hyperbole.

184 2339 239 2398 Sea
253 2355 393 2415 ouvrages
408 2347 474 2396 tout
486 2335 579 2416 plcins
591 2335 764 2394 d'allreuscs
775 2331 895 2406 vc'rite's,

180 2433 360 2494 Etincellent
373 2445 511 2512 pourtant
524 2433 561 2492 de
575 2432 715 2492 sublimes
729 2431 866 2492 beantes:

181 2531 247 2590 Soit
260 2551 318 2608 que
332 2549 382 2588 sur
396 2550 438 2588 un
455 2527 526 2588 derit
540 2529 632 2589 arrivd
647 2527 684 2588 dc
699 2527 824 2609 Caprde‚

179 2628 209 2685 Il
222 2627 300 2685 brise
313 2627 351 2685 de
365 2624 449 2708 Sejan
462 2626 491 2684 la
506 2639 598 2685 statue
612 2624 736 2697 adore'e3

178 2725 243 2784 soit
255 2723 326 2801 qu’il
340 2723 413 2782 fasse
428 2744 466 2780 au
479 2723 588 2795 conseil
601 2723 700 2782 courir
713 2722 755 2780 les
768 2720 932 2794 sinateurs,

177 2822 260 2878 D'un
274 2805 356 2897 tyran
370 2826 578 2899 sonpqonneux
593 2819 674 2898 pales
688 2817 875 2889 adularenrs3

177 2919 226 2973 Ou
242 2935 302 2992 que
316 2927 455 2993 poussant
468 2913 484 2972 a
498 2915 572 2972 bout
584 2914 612 2972 la
626 2915 732 2986 luxure
745 2913 853 2983 latine,

176 3016 248 3070 Aux
261 3012 404 3090 portelaix
413 3011 456 3070 -de
473 3015 566 3069 Rome
579 3011 602 3068 il
615 3011 709 3069 vende
722 3010 896 3080 Messalina,

176 3110 230 3168 Ses
244 3107 331 3166 ‹ierits
343 3109 438 3188 pleins
451 3108 487 3165 de
501 3109 551 3166 feu
565 3121 682 3187 partout
694 3106 813 3166 brillent
824 3127 881 3164 aux
893 3123 980 3185 yeux.

103 3224 290 3292 Dussnnx,
308 3205 445 3282 Ilt‘scours
461 3243 513 3280 sur
531 3226 572 3280 les
590 3224 748 3298 Satin‘ques
768 3223 891 3292 Latias,
906 3223 1016 3279 edinen
1034 3225 1072 3278 dc

69 3317 190 3376 Juvenal.
203 3320 309 3388 Paris,
324 3321 430 3376 Merlin
437 3362 448 3390 ,
468 3320 543 3376 1803
554 3360 562 3388 ,
572 3339 609 3395 p.
626 3320 710 3390 cxij:
725 3322 773 3374 Au
790 3317 873 3398 point
891 3315 931 3378 οὺ
945 3336 1019 3374 nous
1033 3338 1072 3376 en

70 3429 201 3488 sommas,
217 3433 259 3474 on
276 3434 313 3474 ne
331 3416 505 3494 persuadera
519 3412 656 3494 jamaisi
674 3433 749 3472 ceux
768 3415 820 3492 qui
833 3415 930 3472 vivent
943 3413 1015 3471 dans
1029 3415 1072 3472 les

70 3526 145 3568 eours
156 3533 196 3571 ou
210 3513 285 3572 dans
296 3513 338 3570 les
349 3513 439 3590 palais
452 3513 503 3570 des
515 3512 620 3592 grands
632 3532 689 3590 que
703 3511 821 3570 laforce
835 3525 864 3569 et
875 3511 903 3570 la
914 3510 1021 3590 gravisi
1033 3513 1071 3571 dc

70 3604 179 3667 Juvenal
192 3621 260 3667 sont
274 3609 342 3686 plus
356 3610 545 3687 importantes
558 3629 617 3686 que
630 3609 658 3667 la
675 3607 776 3666 finesse
791 3621 820 3666 et
833 3608 860 3665 la
874 3606 965 3686 gaietd
979 3608 1071 3666 (1Ἠο-

70 3717 144 3759 raes:
161 3717 254 3783 quant
273 3701 289 3761 h
307 3723 381 3762 ceux
395 3704 447 3782 qui
461 3685 618 3762 cherisscnt
636 3704 679 3761 les
697 3705 843 3784 principes
857 3704 945 3763 d’une
959 3705 1069 3762 morale

71 3793 226 3870 invariahle,
238 3820 288 3858 car
296 3800 318 3858 il
325 3820 363 3858 en
373 3813 416 3858 est
425 3819 540 3870 encore,
551 3801 603 3878 qui
612 3800 861 3860 dansrmecrivain
868 3821 904 3858 nc
912 3799 1070 3858 cherchent

71 3896 152 3968 qu'uu
164 3917 312 3977 vengenr,
323 3894 437 3961 ceux-li
451 3917 487 3958 ne
501 3898 644 3960 sauraient
656 3897 799 3960 balancer.
