2868 4658
271 339 335 408 350
495 340 641 406 VETT.
667 337 1040 406 COMMENTARII

307 467 344 520 V.
370 482 435 520 120.
457 466 532 536 Quoe
554 477 637 522 tanus
648 464 774 538 fernen]
795 464 831 522 ld
853 475 913 534 est,
930 461 1081 541 quomodo
1101 460 1273 540 Saguntinos

269 561 365 639 eoe'git
376 559 513 618 obsessio.

310 661 346 714 V.
358 677 422 714 122.
430 660 516 714 Anne
524 659 616 714 airum
626 635 701 714 tenir
710 660 752 714 M.
760 659 874 727 siconi]
885 661 999 728 Quem,
1011 653 1122 732 inquit,
1135 652 1271 710 invidiam

269 753 396 810 lacemt
406 751 473 810 Nilo
491 752 615 812 oesnnti
629 752 757 812 defluere
775 751 874 821 aliun,
886 748 976 828 quim
991 749 1081 818 tnnc,
1093 767 1185 826 quam
1199 747 1271 805 iece-

268 859 354 920 runt,
366 847 432 904 eim
444 847 583 908 walanem
593 850 781 918 devorarenta
795 859 935 926 tanquam
948 847 1025 906 ieme
1038 844 1154 904 coacti?

310 948 347 1002 V.
366 945 664 1022 munigenitus]
680 946 801 1024 litigare
815 949 992 1022 Aegyptum.

308 1043 344 1098 V.
361 1049 425 1110 114.
443 1043 552 1100 Cimbri
560 1061 613 1100 nec
623 1043 775 1112 Baiones]
790 1045 897 1100 Gentes
909 1039 1027 1098 divense.²
1039 1035 1236 1096 barbarorum.

306 1140 343 1195 V.
361 1136 425 1194 125.
437 1139 640 1210 Sauromata]
656 1141 802 1199 simite.

306 1235 345 1292 u.
358 1235 424 1294 126.
439 1239 560 1294 insero
569 1240 706 1294 annun
714 1207 840 1314 11441]
852 1234 1076 1315 Aegyptiorum.

307 1333 343 1387 V.
362 1351 427 1404 127.
444 1337 526 1390 Dare
540 1337 609 1390 uela
622 1335 777 1410 phaselis]
794 1332 904 1390 Testeis
920 1329 1059 1408 navigiis:
1073 1327 1182 1387 talibus
1197 1328 1271 1386 enini

269 1426 389 1504 navigiis
402 1427 432 1485 in
445 1426 514 1486 Nilo
527 1440 660 1488 utuntur.
1196 1475 1198 1482 ι

307 1524 344 1580 V.
361 1524 425 1580 131.
440 1529 492 1580 Ira
506 1539 593 1602 atque
595 1527 721 1598 famen]
736 1528 845 1583 Eorum
859 1523 985 1594 scilicet,
995 1521 1048 1602 qui
1062 1521 1118 1580 hoc
1130 1519 1270 1599 compulsi

268 1617 417 1691 iecerunt,
429 1619 461 1678 id
472 1633 529 1692 est,
540 1625 687 1680 Vascones
701 1635 730 1680 et
743 1621 907 1700 Saguntini.

296 1713 383 1772 .1bid.
398 1717 573 1772 Mollissima
587 1717 697 1788 corda.]
711 1716 929 1774 aununtiarem
942 1727 972 1774 et
986 1712 1213 1773 misericordium
1222 1728 1270 1770 na·

268 1822 333 1868 tura
344 1809 513 1870 hominibus
523 1831 583 1870 non
596 1813 719 1891 negavit.

307 1909 344 1965 V.
359 1908 424 1964 133.
438 1913 512 1966 Hoec
524 1912 614 1968 nostri
619 1930 695 1986 pars
710 1911 820 1985 optima
833 1911 952 1979 semin]
967 1912 1036 1966 Pars
1048 1907 1158 1987 optime
1170 1918 1213 1964 est
1224 1925 1271 1964 nu-

267 2016 340 2062 turae
349 2003 397 2062 vel
408 2005 645 2076 menusanum,
657 2005 799 2064 miserum
815 2005 894 2064 llere.

306 2104 342 2160 V.
360 2102 425 2158 136.
444 2103 740 2178 cimunncnpeommn
755 2107 925 2162 curatorem
936 2121 1033 2160 suum.

307 2199 345 2253 V.
360 2197 425 2270 137.
441 2198 677 2274 Omprellares.]
688 2197 835 2257 puellares
846 2197 963 2276 capilli,
974 2197 1088 2256 tristitia
1098 2209 1128 2256 et
1139 2195 1269 2274 squalore

267 2293 423 2374 longiores.
436 2291 511 2353 Ciun
526 2295 604 2354 enim
617 2295 659 2353 rei
673 2307 825 2367 tenemur,
835 2307 867 2372 et
878 2294 999 2372 capillos
1010 2294 1191 2353 demittimus
1198 2315 1207 2366 5
1221 2291 1271 2370 qui

267 2389 378 2448 faciunt
389 2409 442 2448 nos
455 2391 603 2450 interdum
616 2391 732 2448 vultum
745 2390 852 2448 habere
866 2402 1005 2468 tanquam
1017 2389 1134 2468 puellae.

306 2492 341 2544 V.
359 2487 423 2544 138.
440 2487 611 2560 Cimfsnus
621 2487 754 2557 adulte]
768 2490 827 2546 Ore
840 2499 961 2561 maturae
969 2485 1021 2563 (9)

305 2585 341 2639 V.
360 2581 424 2658 139.
443 2585 496 2637 Vel
505 2594 580 2638 tenu
597 2583 759 2651 claudum]
774 2581 920 2660 sepelitur
931 2581 1026 2640 inians
1039 2594 1181 2653 mortuus.

304 2680 343 2734 V.
362 2685 427 2744 141.
442 2681 481 2734 Et
488 2677 564 2751 face
578 2679 679 2753 dignus
693 2698 805 2734 amana
813 2721 824 2750 ,
838 2682 955 2754 qualem
964 2679 1048 2755 (ro).]
1060 2681 1131 2736 Fece
1151 2697 1269 2745 arcano,

265 2771 372 2850 dignm
388 2771 557 2844 sacerdotii,
570 2793 603 2831 ac
621 2793 674 2852 per
688 2772 744 2832 hoc
756 2775 862 2852 justus.
876 2777 1008 2843 4111111,
1023 2774 1171 2832 imbutum
1186 2774 1271 2832 sacris

265 2867 337 2926 dicit
355 2857 541 2946 pontificein:
557 2881 608 2928 aut
629 2891 748 2941 neena,
764 2869 836 2928 dicit
859 2870 999 2947 mystice,
1018 2867 1086 2928 oiim
1108 2869 1271 2958 intemplo

266 2965 377 3023 Cereris
389 2966 444 3024 sibi
457 2967 582 3026 invicem
595 2967 689 3026 facem
702 2986 833 3026 cursores
845 2967 975 3024 tradunt.

305 3069 341 3122 V.
362 3065 426 3132 143.
440 3069 469 3121 A
479 3085 566 3142 grege
576 3073 738 3136 insitorum]
754 3065 950 3138 Animalium,
964 3085 1113 3143 pecorum.

288 3193 293 3206 ‹
304 3163 340 3217 V.
359 3160 426 3229 145.
440 3165 533 3238 Atque
545 3161 733 3232 sumendis-l
748 3161 886 3220 Discendi
898 3163 1010 3221 artificii
1022 3162 1129 3220 faciles.

303 3261 340 3314 V.
359 3259 425 3327 146.
444 3261 564 3316 Sensum
579 3281 600 3316 a
617 3262 746 3330 coelesti]
759 3261 856 3331 Quem
870 3259 1001 3318 animum
1018 3277 1079 3320 esse
1095 3259 1268 3338 dicunt(1r)

265 3367 376 3433 purtem
389 3353 497 3412 ooeliore
510 3354 676 3412 divinitatis.

303 3454 340 3508 V.
359 3461 424 3526 147.
440 3455 539 3508 Prona
550 3463 579 3508 et
590 3465 694 3508 tetram
707 3459 806 3528 spect]
821 3451 976 3512 Animalia.

303 3551 341 3605 V.
360 3548 424 3617 148.
444 3549 581 3606 Conditor
593 3547 669 3619 illis]
683 3552 772 3607 Dens.

303 3647 339 3701 V.
357 3643 423 3702 150.
437 3646 762 3720 Etproestarejuberet.]
776 3647 925 3704 Homines.

302 3745 338 3800 V.
355 3741 420 3799 151.
434 3745 586 3818 anersos
599 3741 733 3815 trahere]
749 3747 785 3802 ln
798 3761 892 3802 unum
905 3742 1042 3822 colligere
1055 3741 1087 3800 in
1100 3743 1223 3800 civitate.

302 3843 338 3898 V.
356 3838 420 3908 154.
435 3841 522 3899 Tutor
533 3842 629 3900 visino
638 3841 746 3913 lustru]
759 3844 898 3912 Securos,
908 3842 1054 3902 vicinitate
1066 3841 1189 3900 aliorum
1199 3859 1268 3898 con—

263 3937 394 3996 fidentes.
