2922 4672
393 369 569 438 NOTAE
589 371 648 438 IN
667 369 1001 438 IUVENALEM.
1143 360 1207 432 123

196 491 266 569 styli
287 505 445 565 venenet,
463 494 592 574 singulus
614 495 762 565 edidisse,
785 507 886 576 pones
905 495 1021 574 ‘trejsni
1040 491 1207 573 principem

198 607 301 647 omnes
324 591 356 648 in
376 609 472 650 nuum
493 611 601 670 corpus
625 591 793 670 collegisse,
811 604 841 650 et
863 611 953 671 qnam
977 589 1066 650 hodie
1083 589 1207 669 primm

197 682 358 756 hebemus,
369 687 592 772 conscripsisse,
604 701 639 748 nt
650 689 762 748 emeris
773 689 981 768 praefigeretur.

238 783 377 867 &tavare
391 784 506 864 Trujsni
519 785 684 864 principatu
699 785 808 844 editam

168 973 170 978 Ι
373 897 437 949 c'un
450 910 539 950 tenues
551 901 738 966 cupediarios
745 901 893 954 discinxerit
901 899 993 959 Aleos,

198 1019 300 1060 versus
316 1001 446 1080 probet:
466 1003 619 1074 Numitor,
636 1007 743 1076 huss,
761 1006 847 1064 Ilettu
868 1015 939 1062 tuuc
961 1000 1101 1080 temporis
1121 998 1209 1058 etiem

198 1097 428 1175 repetundarum
442 1097 576 1158 drmuuti·
583 1099 729 1158 videntur.

239 1215 284 1270 De
298 1231 376 1270 noue
390 1212 433 1270 nil
448 1213 515 1270 sciri
532 1226 638 1292 potest.
654 1213 794 1273 Martialis
811 1211 857 1272 his
874 1215 906 1272 in
923 1212 1005 1272 libris
1018 1211 1211 1291 epigramma-

200 1320 281 1379 tum,
292 1328 368 1386 quos
378 1310 545 1368 Domitiano
557 1331 655 1370 rernm
668 1310 798 1389 potiente
809 1310 917 1381 edidit,
929 1308 1099 1368 Iuvenalem
1111 1307 1211 1366 secun·

200 1404 274 1462 dum
287 1417 388 1480 vocat,
403 1425 471 1463 cum
486 1425 521 1464 eo
537 1407 681 1466 committi
694 1427 754 1466 non
767 1407 831 1465 vult
843 1417 877 1464 ut
888 1406 998 1484 imper,
1011 1423 1077 1483 quoe
1089 1403 1209 1462 omnino

200 1521 352 1579 nunquam
376 1501 518 1575 dixisset,
540 1504 564 1562 si
585 1503 733 1563 nihildum
757 1503 918 1583 scripsisset
940 1501 1108 1573 luvenalis,
1130 1511 1159 1558 et
1180 1500 1212 1558 in

200 1595 297 1656 lucem
312 1598 461 1656 emisisset.
477 1601 515 1656 Et
527 1598 589 1658 haec
603 1599 778 1658 validissime
789 1612 833 1657 est
845 1598 938 1669 ratio,
949 1611 984 1656 ut
996 1610 1026 1658 et
1037 1595 1210 1670 Quintiliani

181 1739 183 1744 .
201 1694 357 1754 verborum
376 1695 593 1775 interpretati03
606 1709 675 1753 sunt
691 1698 767 1754 clari
781 1696 924 1772 hodceque
942 1693 1093 1772 (satirici)
1114 1694 1214 1769 etqui

204 1792 272 1846 olim
291 1791 524 1848 noannabuntur.
540 1794 667 1863 Verum,
683 1791 800 1869 Lipsius
820 1789 876 1863 sit,
890 1803 963 1870 puto
978 1789 1082 1848 vixisse
1098 1800 1127 1848 et
1142 1787 1212 1846 scri-
1247 1813 1253 1820 ·

201 1885 291 1964 psisse
305 1885 446 1964 pleraque
460 1885 541 1964 (non
560 1887 654 1946 ausim
675 1886 771 1946 dicere
794 1885 908 1963 omnis)
925 1888 1047 1968 Trojano
1061 1883 1210 1964 principe,

202 1983 263 2041 iuro
277 1995 306 2040 et
318 1982 476 2046 Hadriano.

241 2099 286 2155 De
299 2097 384 2155 satira
398 2097 511 2156 decima
524 2098 567 2156 nil
577 2097 672 2156 habeo
685 2095 792 2156 dicere.
807 2095 941 2155 Meminit
954 2094 1002 2156 hic
1015 2093 1135 2164 Amilli,

382 2245 539 2262 .......
555 2223 619 2278 quot
629 2213 766 2278 discipulos
775 2212 882 2261 inclinet
890 2212 1006 2269 Amillus,
1018 2255 1020 2260 .

203 2315 259 2394 qui
275 2335 311 2374 ex
325 2316 455 2376 Martiale
472 2317 539 2374 ludi
552 2315 688 2396 magister
707 2315 764 2374 fuit
783 2313 951 2375 Domitiano
967 2325 1104 2394 regnante
1118 2315 1212 2395 turpis

203 2433 364 2492 puerorum
376 2413 535 2474 amoribus.

241 2529 403 2588 Undecima
422 2528 459 2588 de
473 2529 571 2588 Attico
585 2541 616 2588 et
627 2529 766 2590 Ventidio
786 2526 935 2608 loquitur,
949 2525 1029 2588 etde
1041 2526 1148 2606 Apicio
1160 2525 1213 2586 de·

200 2637 327 2686 coctore.
522 2669 524 2680 .

239 2739 423 2799 Duodecimn
438 2741 475 2799 de
490 2740 616 2800 Pacuvio
630 2741 749 2813 Histro,
762 2753 798 2800 ut
819 2753 883 2800 tum
903 2741 1035 2812 vivente,
1052 2738 1089 2798 de
1106 2758 1166 2818 quo
1184 2749 1214 2797 et

204 2836 287 2894 tertia
301 2847 429 2896 mortno.

243 2951 334 3008 Satira
347 2949 460 3036 decime
472 2951 556 3010 tertia
569 2951 737 3010 Domitiano
752 2950 885 3038 principe
900 2950 1007 3029 scripte
1022 2961 1080 3022 est,
1092 2961 1127 3008 nt
1143 2947 1214 3007 olibi

204 3046 320 3118 notavi3
1018 3063 1021 3069 ·

379 3163 386 3176 .
405 3163 412 3178 .
431 3163 438 3177 .
456 3162 462 3177 .
480 3131 568 3195 stupet
578 3128 648 3188 hec,
660 3128 704 3194 qui
713 3129 765 3194 jem
776 3137 834 3194 post
844 3137 912 3192 terge
922 3127 1024 3192 reliquit

382 3210 510 3275 Sexrginu
522 3227 601 3260 cnunc
611 3209 716 3258 Fonteio
728 3209 830 3258 consule
841 3219 928 3267 nnus,

379 3294 418 3340 Ac
426 3291 493 3340 nihil¹
503 3291 531 3340 in
542 3291 631 3340 melius
644 3301 682 3338 tot
694 3306 778 3338 rerum
785 3288 889 3356 prolicit
898 3291 961 3338 usu!

205 3394 273 3452 Non
282 3411 353 3452 vero
366 3407 417 3464 ot,
432 3394 480 3452 vel
493 3414 534 3452 on
541 3435 552 3464 ,
566 3406 602 3452 nt
615 3391 704 3471 vulgo
716 3391 833 3470 legitur.

201 3535 204 3548 ·
243 3507 288 3564 De
304 3507 389 3564 satire
404 3506 632 3585 decimaquarta
650 3509 745 3576 ἀπέχω.

243 3621 287 3678 De
299 3620 383 3678 satire
396 3618 509 3679 decima
521 3620 622 3699 quinte
631 3621 702 3680 item
717 3623 812 3691 ἀπέχω.
822 3623 897 3680 Nam
907 3619 990 3700 quod
999 3619 1050 3690 nit,
1059 3622 1114 3678 scd
1122 3639 1215 3698 nuper

205 3719 320 3774 consule
336 3719 426 3775 Vince
434 3759 446 3788 ‚
464 3719 569 3786 Vinio,
584 3719 673 3774 Iunio
680 3761 691 3788 ,
711 3719 817 3790 Quinto
833 3717 1000 3796 ignoratur,
1015 3715 1054 3776 ob
1070 3728 1128 3776 tres
1144 3737 1217 3776 con-

204 3809 283 3870 sules
296 3811 436 3870 suffectos
451 3825 480 3870 et
493 3811 606 3870 mendae
621 3811 828 3890 suspicionem.

245 3927 398 3986 Decimam
418 3937 528 3987 sextam
551 3923 699 3998 Coranus,
716 3925 754 3986 de
774 3945 836 4006 quo
854 3925 922 3986 vide
944 3924 1166 4008 inscriptiones,
1185 3937 1215 3988 et
