2922 4672
239 353 275 378 ··
326 373 330 380 ·
391 345 951 430 ὀσΜΜΕΝΤΑΤιευΝτ.’
1131 359 1169 426 ⁸1

401 966 402 969 '
449 965 791 1042 molli.-Quc''dedacr’t
803 971 922 1023 sulcum.
944 968 1037 1038 Dicit,
1050 985 1104 1044 pro
1122 985 1178 1044 eo,
1265 977 1267 984 ’

446 484 491 542 illi
505 485 558 562 qui
573 484 703 542 scelerati
716 498 783 543 sunt
801 486 1011 556 sublimantur,
1023 497 1053 544 et
1064 485 1177 546 beatifi-

447 592 570 651 cantur;
584 579 627 638 illi
643 599 712 638 vero
733 583 785 660 qui
805 582 973 640 innocentes
990 594 1073 654 sunt,
1088 595 1118 641 et
1131 602 1176 640 re·

448 676 596 756 dargnuut
612 689 768 748 nocentes,
785 679 948 756 puniuntur
961 677 1059 755 inique
1075 700 1082 734 :
1104 678 1178 736 nihil

448 773 531 833 aliud
542 785 645 844 restat,
660 775 716 832 nisi
729 786 763 832 ut
777 776 830 852 qui
841 776 987 833 veneficus
1000 787 1057 844 est,
1068 786 1097 832 et
1111 794 1179 854 pro-

450 871 577 950 pinquos
586 870 732 942 interficit,
737 871 860 929 vehatur
868 871 1032 929 sublimiter
1041 871 1072 928 iu
1080 871 1180 948 pluma

449 1062 588 1142 quod'est
595 1105 605 1132 ,
621 1082 675 1141 pro
690 1063 922 1141 quo'deducitur
934 1065 1040 1122 sulcus.

443 1163 447 1170 '
476 1163 530 1238 ¹N.
537 1163 572 1214 B.
580 1161 622 1216 Ex
629 1159 890 1238 eaglossa‚coustat
897 1162 1084 1240 interpretem
1091 1159 1180 1218 istum

448 1267 577 1316 veterem
585 1255 687 1334 legisse
696 1275 822 1327 versum,
829 1261 860 1314 el
866 1261 957 1314 hatum
967 1253 1064 1314 medie
1070 1261 1181 1326 sulcam

350 1421 357 1434 ³
451 1355 1180 1430 deducr'tarena,postupensr'libruplumis,atque

211 2465 230 2512 E
242 2473 374 2514 comment.

176 2535 289 2584 Guarini.

451 1451 531 1534 illinc
547 1450 689 1524 despiciat
704 1469 773 1520 nos,
791 1461 836 1520 et,
851 1470 949 1508 revera
963 1449 1068 1508 melius
1082 1450 1180 1528 perci-

451 1545 570 1623 peretur
580 1563 697 1618 sensus,
710 1545 734 1602 si
747 1543 909 1624 legeretur:

525 1663 593 1710 Pone
602 1661 752 1725 Tigellinum
764 1677 769 1707 :
785 1660 847 1709 taeda
858 1660 953 1710 lucebis
965 1662 994 1708 in
1005 1661 1062 1721 illut,

523 1747 579 1810 Qud
587 1758 681 1808 ,stantes
694 1745 782 1795 ardent
795 1747 840 1812 qui
851 1746 905 1796 fixo
918 1759 1019 1814 gutture
1031 1729 1136 1798 lumaht.

523 1836 575 1897 Qui
585 1835 654 1882 dedit
662 1851 721 1900 ergo
733 1834 814 1882 trihus
827 1836 922 1899 patruis
933 1837 1047 1896 aconita,
1058 1835 1165 1884 vehatur

521 1922 662 1970 Pensilibns
672 1922 778 1986 plumis,
789 1932 863 1985 atque
876 1921 946 1970 illinc
957 1919 1074 1987 despiciet
1087 1939 1133 1972 uos
1139 1956 1147 1982 ,

475 1999 480 2012 ⁸
523 2011 555 2060 Et
567 2012 645 2060 latum
658 2007 850 2060 meditantem
862 2007 969 2057 Mucat
978 2007 1059 2058 areni.

454 2113 526 2174 uid:
537 2133 603 2193 quae
618 2113 799 2184 notavimus,
813 2123 865 2170 sat.
880 2115 912 2182 1,
923 2107 952 2170 ἢ.
969 2111 1035 2172 156.

611 2263 692 2320 Str.
720 2261 765 2324 11.

491 2416 529 2471 V.
550 2411 597 2468 28.
617 2403 862 2485 Dt'scr'Jrulr'trea]
884 2405 1020 2474 Crassus,
1039 2407 1134 2464 Caesar
1154 2419 1186 2466 et

451 2507 610 2588 Pompeius
621 2505 833 2564 maledixerunt
846 2502 883 2560 de
896 2500 1142 2580 conspiratoribus
1152 2505 1184 2562 in

452 2608 594 2687 patriam,
609 2605 661 2684 qni
680 2597 748 2660 siant
766 2599 852 2678 positi
866 2601 897 2658 iu
909 2598 1008 2657 tabula
1022 2619 1039 2656 a
1052 2600 1137 2671 Silla,
1153 2602 1184 2658 in

454 2725 512 2784 qua
526 2699 783 2783 proscribebantur
799 2696 926 2774 suspecti
939 2696 1047 2773 patriae.
1064 2699 1100 2755 Et
1113 2697 1186 2756 dicit

455 2803 602 2876 dc'scrpali,
615 2797 698 2876 quia,
707 2806 742 2851 ut
750 2797 884 2854 Lucanus
893 2791 944 2861 ait,
953 2793 1002 2846 ille
1010 2804 1073 2848 tuus
1081 2798 1192 2850 saltem·

455 2897 600 2954 discedere
611 2895 701 2962 Silla,
716 2902 771 2949 etc.
782 2911 790 2961 ;
802 2887 849 2946 vel
862 2888 1011 2962 detepuit,
1027 2909 1080 2965 per
1090 2890 1186 2946 imita-

390 3005 395 3011 '
453 2997 579 3063 tionem,
592 2991 666 3048 sicut
677 2989 739 3067 ipse
751 2985 931 3064 conspirator
940 2983 997 3040 fuit
1007 2983 1038 3042 iu
1046 2986 1183 3064 patriam,

211 3243 232 3290 E
244 3215 359 3290 voeabul.

179 3311 208 3360 sd
222 3313 377 3362 Iuvenalem.

212 3609 234 3656 E
245 3605 331 3671 codice
343 3607 424 3655 Mem·

181 3679 225 3728 nii
232 3675 285 3740 ,³11⁰
301 3679 376 3740 8287.

454 3093 494 3150 ita
508 3091 627 3150 fuerunt
639 3087 704 3164 ipsi.

494 3193 529 3246 V.
547 3189 598 3251 30.
619 3177 803 3256 Concubitu]
821 3177 1037 3252 Concubinagc,
1053 3179 1185 3256 quamvis

455 3284 547 3362 possit
556 3279 679 3356 intelligi
690 3277 827 3344 honeste,
840 3273 946 3343 idest,
961 3271 998 3330 de
1012 3291 1047 3350 eo
1063 3273 1143 3350 quod
1153 3263 1188 3332 flt'

456 3401 524 3440 curu
539 3397 630 3436 uxore
644 3372 791 3452 legitima,
803 3382 899 3428 tamen
912 3369 955 3426 ihi
969 3369 1140 3444 inhoneste,
1154 3367 1189 3430 it'

456 3487 515 3545 est,
529 3494 599 3531 cum
612 3469 726 3549 pellice.

450 3590 466 3622 a
491 3571 532 3628 ν.
554 3587 602 3644 9²·
622 3569 738 3640 Baptae.
752 3601 759 3618 .
773 3601 800 3617 ..
820 3556 974 3636 Cotyton]
995 3558 1186 3622 Athenienses

456 3663 657 3740 Proserpinam
669 3658 812 3726 colentes,
825 3674 914 3733 quam
930 3652 999 3712 solae
1012 3654 1126 3714 feminae
1139 3675 1188 3715 so-

457 3762 557 3821 lebant
569 3757 674 3816 colere.
686 3758 722 3812 ln
735 3751 816 3811 festis
827 3754 891 3831 ejus
901 3751 994 3810 multa
1004 3751 1111 3810 nefaria
1121 3773 1188 3833 age.

458 3859 580 3924 bantur,
593 3865 622 3911 et
634 3851 721 3908 etiam
735 3847 884 3933 psaltriam
894 3846 1084 3906 exercebant:
1097 3869 1187 3928 quam

410 3975 413 3980 Α
460 3941 702 4014 consuetudinem
714 3945 880 4024 Baptce'ab
895 3945 937 4003 eis
951 3947 1143 4034 acceperuut3
1159 3962 1195 4008 et,
1277 4023 1284 4043 Ι

989 4041 1011 4112 6
