2922 4672
385 439 388 446 ·
434 393 1194 483 connsu·ra‘r'rsu·irn·³'··³<³³15.

179 540 309 610 litteras,
324 552 355 598 et
367 559 427 598 non
441 541 504 600 sine
515 541 603 599 laude
619 539 716 620 aliqua
737 553 766 599 et
784 539 1038 601 commendatione
1056 537 1093 596 ad
1107 542 1201 595 Juve-

180 635 280 693 nalem
291 636 421 694 accessit.
432 635 529 696 Primo
540 648 653 694 textum
664 637 826 708 recensuit,
836 657 872 694 ex
884 633 1001 693 duobus
1013 633 1101 692 codd.
1112 635 1198 692 MSS.

108 775 110 782 ,
180 731 403 801 vetustissimis,
420 730 471 788 sed
495 751 559 789 mro
578 713 690 790 notavit
706 719 872 791 varietatem
894 731 1043 800 lectionis,
1061 742 1090 788 et
1111 729 1201 788 modo

179 819 274 897 hanc,
287 826 379 886 modo
397 827 478 886 illam
497 829 695 887 recensionem
716 842 833 886 secutus
855 839 898 886 est
917 827 1114 905 superiorem,
1129 845 1201 908 prae-

184 923 284 982 sertim
303 923 464 1004 Stephani,
486 924 609 1002 Gryphii
631 938 660 983 et
680 924 844 984 Pulmanui.
866 922 1098 982 Commentarius
1118 922 1206 1002 ejus,

183 1020 318 1096 quumvis
327 1021 365 1094 ‚in
380 1039 416 1079 eo
433 1019 574 1091 brevitas,
586 1034 616 1078 et
635 1021 667 1078 in
682 1019 780 1078 verbis
796 1021 973 1099 parcimonia
987 1018 1200 1089 desiderentur,

184 1115 265 1172 utilis
288 1115 451 1176 admodum
469 1116 629 1226 aliquando
651 1116 724 1175 mihi
740 1115 865 1176 videtur.
881 1117 989 1174 Passim
1009 1118 1088 1175 enim
1107 1119 1202 1195 po'e'tae

183 1223 313 1270 mentem
321 1233 382 1272 non
389 1213 496 1285 male,
487 1213 635 1292 ingeniose
644 1213 731 1274 etiam
741 1213 869 1292 exponit.
879 1211 1031 1291 Eleganter
1040 1215 1203 1285 παραφράζιι,

185 1307 250 1366 loca
264 1307 433 1368 obscuriora
447 1308 540 1368 multa
553 1309 694 1379 illustrat,
706 1308 780 1368 sales
793 1320 822 1368 et
835 1307 969 1366 historias
982 1305 1128 1365 interdum
1143 1307 1202 1364 suis

184 1405 502 1489 interpretationibus
493 1406 681 1476 immiscens3
697 1405 808 1463 unde
796 1403 989 1484 jampridem
1008 1402 1202 1484 philosophus

186 1521 253 1558 vere
269 1500 366 1560 dictus
382 1513 443 1571 est,
456 1514 486 1560 et
498 1513 576 1564 recte
593 1501 714 1580 quidam
733 1501 825 1559 critici
836 1501 1041 1581 judicaverunt
1055 1519 1123 1556 eum
1138 1497 1202 1577 phi-

186 1580 337 1676 losophica
351 1597 463 1658 ratione
477 1601 594 1678 poetam
609 1598 749 1658 intuitum
764 1596 924 1656 lectoribus
939 1607 1082 1675 quantum
1095 1593 1205 1653 valeret

187 1677 316 1771 primum
333 1693 503 1754 ostendisse.
522 1699 626 1773 Neque
646 1708 744 1754 tamen
762 1695 877 1753 inficior
895 1693 1033 1752 eumdem
1045 1691 1202 1752 verbosum

189 1809 250 1848 esse
264 1802 295 1848 et
308 1791 477 1850 obscuriora
490 1791 557 1851 loca
570 1791 731 1852 identidem
746 1793 910 1872 praeterire,
921 1789 997 1848 clara
1010 1801 1038 1848 et
1050 1791 1203 1870 perspicua

188 1887 290 1946 alienis
303 1888 591 1966 interpretationibus
600 1889 754 1950 offuscare.
767 1893 822 1961 ht,
836 1889 867 1948 id
878 1909 944 1947 raro
955 1889 1066 1959 evenit;
1077 1901 1106 1946 et
1120 1888 1203 1966 quis,

187 1984 263 2042 inter
276 2003 326 2044 eos
346 1985 399 2062 qui
415 1985 446 2044 in
464 1989 564 2064 po'e'tas
579 1988 767 2046 commentati
781 1997 864 2057 suut,
878 1985 932 2043 hac
945 1984 977 2042 in
990 2005 1021 2042 rc
1035 1981 1202 2063 aliquoties,

188 2081 296 2150 immo,
307 2080 457 2139 multoties
468 2101 527 2140 nou
539 2084 688 2161 peccavit?
697 2083 783 2144 Unde
794 2083 901 2162 injusta
911 2081 998 2138 nimis
1007 2078 1079 2136 mihi
1086 2079 1202 2138 videtur

190 2177 329 2236 Henninii
343 2190 373 2235 et
386 2176 470 2236 Alex.
487 2181 611 2257 Ruperti
630 2179 804 2258 objurgatio.
825 2183 880 2238 Per
896 2196 947 2234 eos
964 2196 1024 2234 non
1038 2189 1113 2245 stat,
1128 2178 1202 2254 quin

190 2269 324 2330 Lubinus
343 2286 377 2331 ut
396 2274 503 2332 stultus
525 2287 556 2332 et
577 2275 714 2333 indoctus
736 2295 753 2332 e
775 2271 960 2332 bibliothecis
982 2272 1128 2350 ejiciatur3
1150 2272 1202 2329 sed

191 2366 395 2428 frustraz'nttm
411 2371 575 2431 multorum
595 2369 701 2429 decimi
720 2369 838 2448 septimi
858 2367 957 2426 saeculi
976 2367 1144 2426 criticorum
1164 2366 1202 2424 de

191 2484 227 2522 eo
238 2464 383 2544 judicium
400 2469 572 2526 senteutiam
588 2467 784 2527 recentiorum
803 2485 990 2544 compensare
1005 2463 1090 2523 valet.
1107 2465 1203 2522 Prima

189 2563 279 2644 hujus
291 2563 383 2626 editio
397 2579 440 2626 est
455 2568 524 2628 anni
540 2569 625 2628 1603.

292 2765 295 2772 Ι
601 2729 615 2742 .
641 2671 748 2738 xlv.

388 2825 682 2883 osnunnnus
712 2813 996 2882 autumnus.

235 2970 405 3029 «Nitiobrix
423 2971 454 3029 in
472 2983 574 3029 senatu
589 2969 789 3048 Burdigalensi
807 2965 966 3048 patronus,
979 2969 1077 3046 inquit
1093 2970 1203 3028 Hermi-

195 3065 304 3136 «nius,
319 3087 433 3124 summa
448 3086 517 3125 cum
533 3085 642 3146 pompe
662 3065 806 3146 promittit
821 3067 1092 3134 commentationes,
1108 3065 1204 3122 obsera

195 3189 208 3214 α
224 3165 367 3234 canones,
380 3166 609 3240 paralipomena
626 3165 658 3222 in
675 3163 728 3221 has
742 3162 870 3220 satimsn
886 3180 916 3220 se
933 3179 970 3220 ex
985 3163 1067 3220 MSS.
1084 3161 1128 3238 (si
1141 3162 1205 3232 Diis

196 3284 208 3309 «
223 3257 338 3336 placet)
349 3260 509 3330 restitutas,
521 3279 682 3338 omnesque
693 3272 759 3318 ante
770 3258 1022 3336 euminterpretes
1031 3258 1205 3316 nominatim

197 3374 293 3412 «mox
311 3353 348 3412 ab
368 3355 452 3414 initio
469 3357 558 3435 jactet
580 3357 750 3434 castigatos:
766 3373 884 3423 verum,
897 3355 959 3412 sine
978 3351 1086 3412 invidia
1102 3372 1205 3411 verum

196 3475 208 3500 α
222 3450 296 3508 mihi
308 3449 394 3509 liceat
408 3450 522 3523 dicere,
537 3453 562 3510 si
576 3451 682 3531 singuli
699 3471 750 3510 sua
767 3451 928 3528 repetitum
942 3450 1093 3520 venirent,
1106 3447 1206 3508 nudus

167 3603 172 3614 ,
197 3559 384 3604 «remaneret
404 3547 509 3625 procul
529 3546 651 3606 dubio
642 3546 842 3625 ineptissimus
861 3544 1041 3623 rhapsodus‚
1055 3556 1089 3602 ut
1107 3543 1204 3604 berth.

198 3668 211 3694 s
225 3641 346 3701 Advers.
367 3645 501 3715 XXVII,
520 3663 573 3717 17,
592 3643 714 3723 aliisque
734 3663 794 3702 non
815 3642 876 3701 sine
896 3641 1006 3778 ingenti
1026 3642 1131 3700 merito
1152 3659 1206 3700 suo

169 3801 172 3806 ,
196 3764 210 3790 ⁴
225 3738 341 3797 dicitur.
354 3765 367 3794 r
1003 3760 1006 3768 ’

193 3836 384 3896 Cluverius
405 3836 585 3916 periphrases
607 3837 799 3916 aenigmaticas
821 3837 934 3916 scripsit
953 3837 1103 3915 adjunctas
1125 3854 1207 3894 com

197 3932 339 3994 mentario
352 3934 511 4004 Autumni;
525 3932 576 3990 sed
587 3951 628 3990 eae
641 3941 741 4010 paucae
754 3942 836 4002 sunt,
852 3930 1207 4010 etpan1.madpoetaein··

196 4029 432 4109 terpretationem
446 4029 612 4108 proficiunt.
627 4028 695 4088 Vid.
710 4028 866 4118 elenchum
879 4029 961 4091 editt.
976 4047 1053 4086 anuo
1070 4029 1154 4102 16o7.
