2924 4662
379 440 382 448 Ι
413 347 469 418 stt
491 340 916 420 toversssrrusu
937 351 992 416 11.
1140 350 1207 429 ..ss

189 471 247 536 but
260 469 322 536 duo
333 469 522 544 nobilissimi,
535 474 617 553 prior
627 478 756 548 Censor,
770 473 915 554 posterior
924 493 1018 553 nepos
1027 472 1137 554 ipsias,
1148 467 1203 553 qui
1287 477 1291 494 '

192 569 230 633 ds
243 569 346 633 mortis
357 571 424 634 loco
438 569 536 634 dimus
548 584 593 632 est
605 573 760 634 Uticensis.

231 670 269 726 V.
285 674 333 736 64.
348 669 522 740 Scaeuam]
536 674 598 732 Lex
611 669 650 730 ds
663 669 822 730 infamibus
833 667 1001 748 puniendis.
1116 713 1119 720 .

234 765 270 824 V.
284 763 335 832 46.
351 765 494 840 Defendit
506 771 835 839 numerumnunerum:
852 761 854 766 ’

246 897 248 901 “
375 924 382 938 .
404 924 411 939 .
434 925 440 937 .
462 927 469 940 .
489 891 621 958 Quidquid
632 891 721 942 ‘multis
733 901 868 958 peream,
879 890 990 940 inultum
1001 900 1048 938 ost.
1151 883 1153 890 '

192 998 365 1079 Metapbora
377 1021 394 1058 a
406 1001 595 1065 bellantibus.

232 1099 270 1155 V.
289 1097 336 1156 5ο.
352 1101 473 1180 Hispa]
490 1101 543 1163 Vir
559 1100 654 1180 gravis
673 1100 871 1184 corrumpitur
888 1118 905 1161 a
917 1097 1094 1182 juvenibus,
1107 1110 1137 1157 et
1153 1119 1207 1186 pa·

178 1196 277 1266 reim,
289 1207 320 1254 et
332 1194 446 1254 lambit.

231 1291 309 1352 lbid.
321 1295 425 1350 Morbo
440 1300 578 1376 utroque]
592 1294 754 1378 Utriusque
768 1291 869 1362 sexus,
881 1293 1001 1374 inguina
1011 1292 1165 1360 lambentis
1176 1307 1206 1352 et

193 1390 393 1474 propatieutis.

230 1488 269 1544 V.
291 1486 336 1544 53.
363 1488 519 1572 Carfinia]
543 1487 752 1556 Pulmeutum‚
770 1487 830 1546 sire
849 1485 1016 1546 membrum
1036 1486 1138 1560 virile3
1156 1500 1209 1550 aut
1285 1531 1289 1540 ·

194 1582 293 1661 potius
303 1582 478 1644 athletarum
492 1583 594 1645 eibum
606 1584 687 1644 dicit.

232 1683 268 1738 V.
285 1679 332 1754 57.
348 1683 475 1744 Horrida
489 1683 578 1762 quale
579 1681 687 1758 sacri]
699 1682 807 1763 Magno
821 1677 891 1736 odio
904 1678 1030 1738 habetur
1040 1680 1120 1758 apud
1133 1675 1208 1742 uxoss
1258 1737 1263 1744 ,

190 1796 253 1834 rem
269 1795 320 1850 ea,
333 1797 400 1862 quae
420 1776 542 1840 domino
563 1777 712 1835 miscetur.
727 1777 804 1858 Ergo
821 1773 897 1832 hanc
917 1776 1073 1855 insequens
1092 1779 1208 1854 gravio*

190 1872 272 1931 ribus
293 1873 386 1951 poeuis
406 1872 544 1944 domina,
558 1885 660 1937 catena
676 1872 805 1934 vincum
822 1869 917 1954 infigit
935 1871 1047 1951 codici,
1061 1884 1150 1956 atque
1168 1873 1209 1938 ita

186 1967 273 2048 jubet
287 1969 381 2027 facere
395 1988 494 2049 pensa.

229 2067 266 2122 V.
282 2065 329 2123 58.
347 2067 466 2136 Hister]
480 2064 618 2136 Infamia,
633 2066 686 2148 qui
701 2085 788 2130 omne
801 2063 1013 2150 patrimonium
1027 2061 1113 2126 suum
1124 2066 1210 2124 virus

190 2160 312 2226 donavit
325 2161 427 2232 uxori,
441 2159 481 2218 ob
498 2159 575 2218 banc
594 2160 704 2219 scilicet
722 2181 857 2231 causam,
872 2163 906 2217 ut
925 2158 1012 2222 simul
1029 2159 1209 2228 dormiretis

191 2259 244 2336 qui
267 2256 408 2322 stillum
432 2269 655 2336 corrumperet,
675 2269 705 2315 et
730 2257 775 2320 illi
800 2258 989 2316 misceretur:
1010 2257 1116 2336 puellae
1139 2271 1207 2340 ergo

182 2354 316 2418 'consciae
330 2353 402 2424 sibi,
416 2373 484 2438 quae
496 2365 617 2416 noverat
630 2374 699 2412 eum
712 2353 886 2437 corrumpi(
906 2353 927 2433 )

231 2451 268 2509 V.
284 2449 331 2508 61.
354 2449 525 2526 Cylindrus]
541 2452 677 2508 Gemmas
691 2453 840 2530 pretiosas.

229 2549 266 2606 V.
287 2548 337 2606 63.
358 2551 422 2607 Dat
438 2551 557 2608 veniam
576 2552 690 2624 corvin]
708 2549 898 2612 Proverbium
918 2561 962 2607 est
983 2569 1153 2622 corvorum,
1169 2549 1206 2608 de

188 2643 363 2730 impudicis:
378 2643 513 2702 discrevit
527 2663 629 2702 sexum
643 2665 696 2726 per
709 2663 785 2702 aves.
799 2643 884 2708 Unde
898 2645 1001 2704 dicunt
1013 2649 1090 2706 coire
1104 2665 1206 2703 corvos

188 2757 242 2820 per
256 2760 306 2813 os,
320 2755 351 2799 et
365 2741 405 2798 sic
418 2761 537 2820 parere:
551 2739 703 2799 columbas
714 2740 815 2798 retulit
827 2740 864 2798 ad
878 2741 1102 2820 simplicitatem.

227 2841 265 2896 V.
285 2839 334 2900 65.
354 2841 518 2918 Stoicidae.]
539 2839 618 2903 Dicit
637 2837 865 2916 contumeliose,
879 2852 913 2896 ut
925 2839 1081 2920 Virgilius,
1096 2842 1122 2899 Ο
1139 2859 1206 2898 rere

189 2934 338 3014 Phrygiae,
351 2948 382 2994 et
392 2937 526 3018 Persius,
541 2935 691 2994 Troiades.

228 3029 265 3090 V.
278 3033 327 3090 66.
340 3035 494 3105 Multum]
504 3037 608 3092 Vestes
619 3033 703 3092 molli
715 3033 839 3098 intextas
851 3031 1088 3112 substamine(4)‚
1098 3033 1208 3112 quibus

189 3129 284 3191 solent
299 3129 344 3186 uti
357 3127 474 3214 puellm.
515 3207 517 3212 Ι

228 3229 265 3285 V.
276 3229 324 3302 67.
339 3229 470 3297 Cretica]
480 3227 545 3284 Hoc
553 3212 674 3403 πίω
682 3226 730 3285 vel
742 3224 905 3310 quemlibet
913 3225 1042 3285 nobilem
1054 3211 1216 3306 significat‚‘

185 3321 234 3382 val
249 3323 363 3382 Julium
378 3324 543 3393 Creticum,
627 3323 682 3380 sub
701 3321 862 3384 Cesaribus
877 3321 1006 3386 illustres
1020 3342 1120 3386 causas
1136 3324 1205 3408 egit.

228 3423 264 3482 V.
281 3417 330 3478 68.
345 3419 495 3489 Fabulla]
507 3419 551 3476 De
567 3430 687 3476 centum
702 3438 771 3476 una.
1220 3455 1228 3490 .
1341 3485 1346 3496 ,

227 3519 265 3574 V.
281 3518 330 3590 73.
348 3515 517 3572 Vulneribus
527 3517 645 3590 cratim]
661 3515 840 3576 Recentibus
851 3515 947 3580 bellis.

226 3615 265 3671 V.
280 3613 330 3671 81.
347 3613 467 3689 Uvaqur
480 3617 592 3688 consp.]
606 3615 643 3670 Et
655 3611 813 3691 Virgilius:

366 3738 404 3787 Ne
417 3737 480 3785 mala
492 3737 570 3786 vicini
583 3737 682 3804 pecoris
695 3739 809 3810 contagia
819 3709 921 3795 husus.

188 3860 254 3918 Hoc
264 3871 298 3922 ¹ct
310 3849 466 3938 proverbio
480 3858 623 3930 sunium,
635 3876 692 3916 ura
702 3877 793 3920 uvam
804 3855 934 3917 ridendo
945 3857 1023 3918 varia
1033 3857 1076 3914 tit.

226 3959 263 4016 V.
284 3974 335 4035 9a·
357 3956 532 4042 &mr
548 3956 631 4018 tutti
647 3957 785 4036 eapse]
807 3955 906 4038 &pter
925 3953 1030 4023 titulus
1046 3951 1131 4029 libri,
1145 3973 1207 4036 qus
