2818 4654
300 393 345 438 20
392 349 425 388 ’·
535 371 576 436 n.
601 308 752 438 inuri
780 365 1070 438 iussurus

302 505 422 553 auctor:
438 506 576 552 ettamen
596 497 646 574 diu
666 515 703 552 ne
723 497 835 552 modico
855 497 972 570 quidem
990 491 1132 549 auditorio
1148 489 1305 565 quidquam

303 596 478 650 committere
486 606 632 652 estausus.
645 594 681 653 Id
690 595 771 672 quod
783 595 869 652 etiam
880 594 981 672 primis
986 595 1095 668 primoe
1104 591 1203 646 satirae
1214 585 1306 644 verbis
1341 661 1343 666 Ι

302 691 370 748 satis
380 702 480 768 aperte
494 691 636 768 significat
647 692 709 769 ipse
722 691 878 749 Iuvenalis.
892 693 953 748 Nec
966 690 1044 746 enim
1055 687 1113 746 alio
1125 697 1253 762 spectare
1263 682 1305 739 vi·

228 850 231 856 ,
303 785 410 844 dentur
421 786 488 857 illa,
502 787 533 842 in
545 787 653 864 quihus
666 789 814 864 queritur,
827 785 939 844 tamdiu
953 805 983 843 se
997 785 1084 842 fuisse
1099 785 1252 860 poetarum
1264 799 1307 836 re-
1333 845 1339 854 ι

302 883 453 940 citantiutn
467 885 646 954 auditorem,
663 903 777 961 semper
790 875 932 940 alternitate
945 881 1097 938 Frontonis
1104 881 1264 954 platanos,
1278 888 1307 933 et
1343 957 1345 960 Ι

303 981 438 1035 conruha
453 999 600 1035 marmora
609 1022 619 1049 ,
635 991 789 1055 ruptusque
804 981 921 1036 assuluo
937 982 1038 1034 hectore
1054 979 1223 1032 columnas:
1240 973 1307 1030 cirm

305 1075 368 1152 ipse
383 1073 492 1132 scilicet
507 1074 639 1132 nondum
658 1075 690 1131 in
706 1094 742 1132 eo
761 1074 860 1152 scripti
880 1094 985 1152 genere
1003 1073 1127 1130 ah'orum
1144 1069 1310 1148 patientiam

256 1207 258 1210 ·
301 1172 486 1230 exercuisset.
499 1176 571 1229 Tam
584 1171 670 1249 longe
681 1170 804 1228 aberant
813 1171 864 1228 illa
877 1191 893 1228 a
906 1172 1021 1227 Paridis
1033 1169 1076 1226 ira
1086 1165 1273 1238 concitanda,
1285 1167 1309 1223 si

302 1269 349 1327 vel
359 1270 511 1346 superstite
522 1267 624 1326 Paride
635 1269 755 1326 fuissent
767 1269 872 1346 scripta
883 1311 891 1337 ,
903 1288 972 1326 eum
983 1267 1094 1324 irritare
1105 1285 1165 1322 non
1175 1275 1307 1342 possent,

300 1365 372 1424 oiim
382 1367 516 1424 nondum
526 1365 705 1424 emanhssent
717 1369 747 1423 in
754 1368 914 1442 publicum.
925 1370 986 1424 Nec
997 1378 1094 1423 tamen
1101 1362 1256 1422 verisimile
1268 1373 1310 1420 est

301 1479 373 1521 unte
398 1467 508 1520 coedem
534 1467 650 1522 Paridis
671 1465 721 1522 vei
742 1464 823 1522 illam
841 1485 1006 1541 paucorum
1033 1483 1166 1520 versuum
1189 1465 1309 1518 satiram

304 1561 451 1638 scripsisse
464 1560 645 1618 Iuvenalem.
662 1559 760 1631 Nihil,
776 1560 884 1632 fateor,
899 1560 936 1618 de
951 1559 1113 1638 scriptionis
1127 1573 1255 1633 tempore
1267 1577 1311 1616 ac-

302 1655 585 1726 curatumtrndidit,
600 1675 689 1733 quem
702 1657 824 1714 unicum
838 1655 978 1714 habemus
990 1656 1026 1715 de
1038 1655 1083 1714 his
1094 1656 1182 1714 rebus
1190 1667 1309 1725 testem,

303 1752 370 1810 vitae
381 1765 483 1810 auctor
494 1771 667 1829 anonymus.
680 1751 715 1808 Id
728 1771 822 1809 unum
836 1751 944 1810 indicat
952 1796 960 1824 ,
968 1766 1042 1827 post
1054 1754 1181 1808 medium
1194 1765 1311 1808 etatem

303 1848 343 1906 ad
357 1847 408 1906 illa
421 1849 591 1906 Juvenalem
606 1848 699 1906 studia
716 1847 875 1906 deflexisse.
891 1848 952 1906 Sed
969 1847 1042 1906 nihil
1058 1823 1143 1927 plarie
1157 1847 1194 1905 de
1211 1847 1314 1905 studiis

304 1947 368 2024 ejus
386 1946 508 2023 poeticis
526 1948 611 2024 potita
629 1945 768 2002 Martialis
789 1945 885 2024 (epig.
898 1947 971 2013 VII,
985 1953 1021 2013 at
1032 1946 1054 2020 ).
1070 1947 1099 2002 Is
1112 1957 1210 2002 tamen
1227 1963 1258 2001 se
1272 1944 1312 2001 ita

209 2091 212 2100 .
305 2041 440 2101 Juvenali
449 2041 618 2100 familiarem
628 2041 717 2098 fuisse
726 2041 922 2120 gloriatrn,ut
932 2061 992 2099 non
1000 2041 1197 2120 magisPyladi
1254 2043 1315 2099 'cus

305 2137 394 2196 fuerit
411 2141 544 2208 Orestes,
559 2127 610 2194 aui
626 2136 756 2196 Theseus
771 2137 920 2209 Pirithoo,
934 2159 972 2196 ne
988 2137 1036 2195 vel
1053 2157 1155 2195 arcana
1168 2061 1316 2196 Juaeialis

306 2233 402 2291 studia
423 2233 585 2292 Martialem
607 2234 724 2292 latuisse
747 2235 937 2314 suspicemur.
961 2238 1058 2292 Immo
1082 2234 1244 2292 amortuis
1266 2233 1316 2292 ille

305 2329 376 2406 (sat.
386 2331 415 2400 1,
427 2330 519 2408 extr.)
531 2329 688 2410 prudenter
696 2330 901 2389 abstinendum
912 2349 973 2388 esse
981 2342 1090 2388 censet.
1100 2333 1225 2388 Tantum
1234 2330 1317 2389 abest

305 2412 342 2484 ut
355 2429 451 2484 vivum
464 2429 602 2484 Paridem
615 2427 663 2486 vel
676 2429 706 2484 in
714 2430 815 2502 primo
829 2426 878 2484 illa
892 2428 982 2482 satira
997 2425 1144 2484 laceraret.
1159 2429 1317 2486 iuniorum
1350 2476 1354 2484 Ι

304 2541 374 2604 ergo
388 2535 542 2581 auctorum
556 2525 610 2581 ista
623 2535 691 2580 sunt
702 2522 908 2580 tantummodo
923 2524 1074 2580 ratiocinia
1081 2566 1091 2593 ‚
1108 2544 1168 2581 non
1185 2537 1284 2584 autem
1298 2543 1315 2584 e

303 2635 437 2682 veterum
447 2622 694 2679 monimentorum
701 2639 798 2676 coaeva
806 2619 863 2677 fide
873 2619 1045 2698 deprompta
1053 2621 1227 2686 testimonia.
1239 2621 1316 2680 Cirm

304 2721 374 2779 vero
392 2737 484 2796 genus
502 2717 652 2792 scripturae
672 2709 841 2772 r'ndust'n'ose
858 2719 1023 2788 excoleret,
1043 2730 1108 2775 tum
1128 2730 1158 2775 et
1175 2719 1318 2794 reliquum

305 2819 462 2878 satirarum
471 2833 574 2889 corpus
582 2812 711 2890 scripsit,
724 2813 813 2890 inque
821 2811 916 2882 sslnrn,
925 2833 1013 2892 quam
1020 2814 1147 2872 retinent
1155 2813 1318 2892 hodieque,

210 2911 216 2933 ⁸
304 2915 431 2982 formam
440 2910 562 2988 redegit,
570 2921 599 2966 et
610 2929 646 2966 ea
657 2929 781 2985 quoque,
791 2928 858 2985 quoe
865 2912 965 2985 prima
967 2911 1088 2984 fecerat
1092 2955 1103 2982 ,
1117 2911 1195 2968 novis
1205 2915 1321 2988 scriptis

305 3013 455 3086 insercuit.
471 3011 547 3068 Sunt
560 3006 638 3064 enim
652 3006 703 3064 illa
716 3007 841 3064 auctoris
854 3009 991 3086 anonymi
1004 3008 1109 3066 verba:
1123 3029 1192 3064 mon
1206 3029 1320 3086 magna

297 3108 468 3184 frequentia
476 3122 640 3178 magnoque
646 3123 774 3160 successu
784 3105 825 3160 bis
831 3124 868 3160 ac
876 3105 1040 3161 terouditus
1046 3117 1098 3174 est,
1109 3117 1180 3160 uteo
1187 3124 1319 3180 quoque,

304 3203 612 3280 quoeprimafecetttt,
626 3201 771 3274 inferciret
781 3202 860 3257 novit
870 3203 989 3276 scnpu's.
1004 3201 1159 3272 Recitavit,
1170 3203 1201 3259 ni
1212 3201 1321 3272 fallor,

307 3299 415 3369 omnia,
425 3299 578 3376 emisitque
587 3297 617 3356 in
627 3295 790 3377 publicum,
801 3316 877 3355 anno
887 3299 1021 3368 CXVIII,
1029 3301 1322 3374 postquamRomam

303 3395 428 3452 venisset
439 3393 616 3464 Hadrianus,
629 3414 717 3472 quem
728 3393 778 3452 ille
788 3393 950 3471 principem
960 3393 1128 3452 ahenevolo
1137 3395 1199 3471 ejus
1211 3395 1243 3452 in
1254 3394 1324 3452 haec

276 3557 280 3566 ,
305 3491 401 3550 studia
412 3491 509 3550 animo
520 3492 551 3549 in
560 3491 616 3549 hac
625 3492 688 3569 ipsa
700 3492 784 3548 satira
795 3491 883 3568 (VII,
900 3509 912 3544 1
922 3489 933 3567 )
946 3489 977 3546 in
990 3509 1049 3568 qun
1060 3501 1218 3566 occurrunt
1228 3492 1326 3550 verba

305 3587 410 3646 iila'de
428 3587 547 3657 Paride,
566 3587 761 3646 commendat.
782 3585 873 3657 Inde,
891 3585 923 3642 ni
943 3585 1044 3656 fallor,
1061 3587 1173 3645 animos
1188 3588 1327 3666 ¹sumpsit

306 3685 412 3762 scripta
420 3704 472 3742 sua
484 3685 515 3742 in
526 3685 680 3762 publicum
693 3681 853 3744 emittendi.
868 3682 941 3739 Inde
955 3694 1053 3740 tantus
1066 3683 1116 3741 ille
1130 3684 1327 3740 recitantium

305 3803 460 3853 numerus,
473 3783 510 3842 de
520 3765 580 3861 quo
589 3784 620 3840 in
629 3783 721 3860 prima
733 3783 833 3850 satira,
844 3778 912 3840 cirin
923 3799 989 3858 spes
999 3781 1049 3838 illa
1059 3781 1133 3838 lucri
1144 3784 1303 3860 appareret
1314 3824 1326 3854 ,

306 3879 416 3937 (litante
429 3879 622 3958 professores,
636 3879 680 3935 uti
691 3877 836 3947 vidimus,
849 3877 1004 3937 Hadriano.
1016 3879 1124 3936 Omnes
1135 3899 1205 3958 ergo
1217 3881 1330 3938 satiras

306 3975 362 4035 sub
370 3975 517 4036 Hadriano
526 3975 617 4036 editas
626 3974 839 4047 existimamus,
852 3993 912 4034 non
922 3987 1083 4056 posnemas
1092 3976 1305 4036 tautummodo
1318 4019 1328 4048 ,
