<?xml version="1.0" encoding="UTF-8"?>
<!DOCTYPE html PUBLIC "-//W3C//DTD XHTML 1.0 Transitional//EN"
    "http://www.w3.org/TR/xhtml1/DTD/xhtml1-transitional.dtd">
<html xmlns="http://www.w3.org/1999/xhtml" xml:lang="en" lang="en">
 <head>
  <title>
</title>
<meta http-equiv="Content-Type" content="text/html;charset=utf-8" />
  <meta name='ocr-system' content='tesseract 3.04.00' />
  <meta name='ocr-capabilities' content='ocr_page ocr_carea ocr_par ocr_line ocrx_word'/>
</head>
<body>
  <div class='ocr_page' id='page_1' title='image "./satirae00pithgoog_0046.png"; bbox 0 0 2818 4654; ppageno 0'>
   <div class='ocr_carea' id='block_1_1' title="bbox 177 421 1099 655">
    <p class='ocr_par' dir='ltr' id='par_1_1' title="bbox 177 421 1099 655">
     <span class='ocr_line' id='line_1_1' title="bbox 322 421 1099 510; baseline 0.003 -22"><span class='ocrx_word' id='word_1_1' title='bbox 322 421 535 492; x_wconf 39' lang='lat' dir='ltr'><strong>Ds&#39;JsUN&#39;II</strong></span> <span class='ocrx_word' id='word_1_2' title='bbox 564 424 580 489; x_wconf 89' lang='lat' dir='ltr'>J</span> <span class='ocrx_word' id='word_1_3' title='bbox 591 422 870 492; x_wconf 72' lang='lat' dir='ltr'><strong>UVENADIS.</strong></span> <span class='ocrx_word' id='word_1_4' title='bbox 914 439 918 448; x_wconf 89' lang='lat'>&#39;</span> <span class='ocrx_word' id='word_1_5' title='bbox 1056 423 1099 510; x_wconf 73' lang='lat'><strong>39</strong></span> 
     </span>
     <span class='ocr_line' id='line_1_2' title="bbox 177 559 1021 655; baseline -0.001 -30"><span class='ocrx_word' id='word_1_6' title='bbox 177 559 267 627; x_wconf 90' lang='lat' dir='ltr'>XXI.</span> <span class='ocrx_word' id='word_1_7' title='bbox 293 561 402 628; x_wconf 76' lang='lat' dir='ltr'><strong>Codex</strong></span> <span class='ocrx_word' id='word_1_8' title='bbox 418 567 532 655; x_wconf 78' lang='lat' dir='ltr'><strong>absquo</strong></span> <span class='ocrx_word' id='word_1_9' title='bbox 538 567 720 654; x_wconf 78' lang='lat' dir='ltr'><em>possessoris</em></span> <span class='ocrx_word' id='word_1_10' title='bbox 733 579 810 634; x_wconf 79' lang='lat' dir='ltr'><strong>nota</strong></span> <span class='ocrx_word' id='word_1_11' title='bbox 822 563 877 628; x_wconf 88' lang='grc' dir='ltr'><strong>ΙΙΙ</strong></span> <span class='ocrx_word' id='word_1_12' title='bbox 888 559 987 650; x_wconf 56' lang='grc'>(8191</span> <span class='ocrx_word' id='word_1_13' title='bbox 997 563 1021 650; x_wconf 88' lang='grc'><strong>).</strong></span> 
     </span>
    </p>
   </div>
   <div class='ocr_carea' id='block_1_2' title="bbox 85 719 1103 1190">
    <p class='ocr_par' dir='ltr' id='par_1_2' title="bbox 104 719 1103 1094">
     <span class='ocr_line' id='line_1_3' title="bbox 125 719 1100 802; baseline -0.001 -22"><span class='ocrx_word' id='word_1_14' title='bbox 125 720 245 780; x_wconf 68' lang='lat' dir='ltr'><strong>Parnm</strong></span> <span class='ocrx_word' id='word_1_15' title='bbox 258 721 290 780; x_wconf 90' lang='lat' dir='ltr'><strong>in</strong></span> <span class='ocrx_word' id='word_1_16' title='bbox 304 723 495 796; x_wconf 72' lang='lat' dir='ltr'><strong>membranis,</strong></span> <span class='ocrx_word' id='word_1_17' title='bbox 509 725 614 802; x_wconf 84' lang='lat' dir='ltr'><strong>pastim</strong></span> <span class='ocrx_word' id='word_1_18' title='bbox 636 723 667 782; x_wconf 89' lang='lat' dir='ltr'><strong>in</strong></span> <span class='ocrx_word' id='word_1_19' title='bbox 688 722 793 782; x_wconf 75' lang='lat' dir='ltr'><strong>chartis</strong></span> <span class='ocrx_word' id='word_1_20' title='bbox 815 721 925 800; x_wconf 81' lang='lat' dir='ltr'><strong>(hujus</strong></span> <span class='ocrx_word' id='word_1_21' title='bbox 944 719 1022 780; x_wconf 79' lang='lat' dir='ltr'><strong>anim</strong></span> <span class='ocrx_word' id='word_1_22' title='bbox 1038 719 1100 780; x_wconf 88' lang='lat' dir='ltr'><strong>dno</strong></span> 
     </span>
     <span class='ocr_line' id='line_1_4' title="bbox 105 813 1101 898; baseline 0.006 -28"><span class='ocrx_word' id='word_1_23' title='bbox 105 813 168 874; x_wconf 80' lang='lat' dir='ltr'><strong>folia</strong></span> <span class='ocrx_word' id='word_1_24' title='bbox 181 817 289 894; x_wconf 83' lang='lat' dir='ltr'><strong>prima,</strong></span> <span class='ocrx_word' id='word_1_25' title='bbox 302 831 331 878; x_wconf 88' lang='lat' dir='ltr'><strong>et</strong></span> <span class='ocrx_word' id='word_1_26' title='bbox 344 819 467 880; x_wconf 85' lang='lat' dir='ltr'><strong>totidem</strong></span> <span class='ocrx_word' id='word_1_27' title='bbox 480 833 606 880; x_wconf 85' lang='lat' dir='ltr'><strong>extrema</strong></span> <span class='ocrx_word' id='word_1_28' title='bbox 621 819 763 898; x_wconf 81' lang='lat' dir='ltr'><strong>cujusque</strong></span> <span class='ocrx_word' id='word_1_29' title='bbox 776 816 920 896; x_wconf 80' lang='lat' dir='ltr'><strong>manipuli</strong></span> <span class='ocrx_word' id='word_1_30' title='bbox 934 817 1001 876; x_wconf 84' lang='lat' dir='ltr'><strong>sunt</strong></span> <span class='ocrx_word' id='word_1_31' title='bbox 1011 835 1101 876; x_wconf 84' lang='lat' dir='ltr'><strong>mem-</strong></span> 
     </span>
     <span class='ocr_line' id='line_1_5' title="bbox 105 911 1102 996; baseline 0.004 -26"><span class='ocrx_word' id='word_1_32' title='bbox 105 911 255 987; x_wconf 80' lang='lat' dir='ltr'><strong>branacea,</strong></span> <span class='ocrx_word' id='word_1_33' title='bbox 269 916 381 996; x_wconf 72' lang='lat' dir='ltr'><strong>reliqua</strong></span> <span class='ocrx_word' id='word_1_34' title='bbox 394 917 544 980; x_wconf 70' lang='lat' dir='ltr'><strong>statana</strong></span> <span class='ocrx_word' id='word_1_35' title='bbox 553 923 564 990; x_wconf 92' lang='lat'>)</span> <span class='ocrx_word' id='word_1_36' title='bbox 574 960 582 988; x_wconf 93' lang='lat'><strong>,</strong></span> <span class='ocrx_word' id='word_1_37' title='bbox 594 919 625 978; x_wconf 91' lang='lat' dir='ltr'><strong>in</strong></span> <span class='ocrx_word' id='word_1_38' title='bbox 640 919 680 988; x_wconf 72' lang='lat'><strong>4⁰,</strong></span> <span class='ocrx_word' id='word_1_39' title='bbox 694 919 749 976; x_wconf 86' lang='lat' dir='ltr'><strong>XV</strong></span> <span class='ocrx_word' id='word_1_40' title='bbox 763 935 827 976; x_wconf 73' lang='lat' dir='ltr'><strong>stac.</strong></span> <span class='ocrx_word' id='word_1_41' title='bbox 847 924 954 974; x_wconf 78' lang='lat' dir='ltr'><strong>exarat·</strong></span> <span class='ocrx_word' id='word_1_42' title='bbox 970 926 1102 978; x_wconf 80' lang='lat' dir='ltr'><strong>constsns</strong></span> 
     </span>
     <span class='ocr_line' id='line_1_6' title="bbox 104 1009 1103 1094; baseline 0.004 -28"><span class='ocrx_word' id='word_1_43' title='bbox 104 1029 135 1084; x_wconf 86' lang='lat'><strong>9¹</strong></span> <span class='ocrx_word' id='word_1_44' title='bbox 149 1010 243 1082; x_wconf 85' lang='lat' dir='ltr'><strong>soliis,</strong></span> <span class='ocrx_word' id='word_1_45' title='bbox 255 1014 323 1072; x_wconf 87' lang='lat' dir='ltr'><strong>satis</strong></span> <span class='ocrx_word' id='word_1_46' title='bbox 335 1013 410 1074; x_wconf 80' lang='lat' dir='ltr'><strong>benc</strong></span> <span class='ocrx_word' id='word_1_47' title='bbox 424 1016 548 1094; x_wconf 78' lang='lat' dir='ltr'><strong>sosiptm</strong></span> <span class='ocrx_word' id='word_1_48' title='bbox 560 1027 589 1074; x_wconf 84' lang='lat' dir='ltr'><strong>ct</strong></span> <span class='ocrx_word' id='word_1_49' title='bbox 603 1013 782 1092; x_wconf 74' lang='lat' dir='ltr'><strong>emendatus.</strong></span> <span class='ocrx_word' id='word_1_50' title='bbox 798 1011 923 1074; x_wconf 74' lang='lat' dir='ltr'><strong>Fnhibet</strong></span> <span class='ocrx_word' id='word_1_51' title='bbox 934 1009 1103 1070; x_wconf 73' lang='lat' dir='ltr'><strong>iuvenalem</strong></span> 
     </span>
    </p>

    <p class='ocr_par' dir='ltr' id='par_1_3' title="bbox 85 1108 842 1190">
     <span class='ocr_line' id='line_1_7' title="bbox 85 1108 842 1190; baseline 0.011 -28"><span class='ocrx_word' id='word_1_52' title='bbox 85 1187 86 1190; x_wconf 7' lang='grc' dir='ltr'><strong>Ἴ</strong></span> <span class='ocrx_word' id='word_1_53' title='bbox 105 1117 131 1164; x_wconf 87' lang='lat' dir='ltr'><strong>ct</strong></span> <span class='ocrx_word' id='word_1_54' title='bbox 142 1108 274 1168; x_wconf 78' lang='lat' dir='ltr'><strong>Persium</strong></span> <span class='ocrx_word' id='word_1_55' title='bbox 289 1111 350 1169; x_wconf 87' lang='lat' dir='ltr'><strong>sine</strong></span> <span class='ocrx_word' id='word_1_56' title='bbox 364 1111 492 1170; x_wconf 83' lang='lat' dir='ltr'><strong>scholiis.</strong></span> <span class='ocrx_word' id='word_1_57' title='bbox 840 1123 842 1128; x_wconf 87' lang='lat'>&#39;</span> 
     </span>
    </p>
   </div>
   <div class='ocr_carea' id='block_1_3' title="bbox 162 1225 1034 1365">
    <p class='ocr_par' dir='ltr' id='par_1_4' title="bbox 162 1225 1034 1365">
     <span class='ocr_line' id='line_1_8' title="bbox 162 1225 1034 1365; baseline -0.003 -27"><span class='ocrx_word' id='word_1_58' title='bbox 162 1273 274 1339; x_wconf 83' lang='lat' dir='ltr'><strong>XXII.</strong></span> <span class='ocrx_word' id='word_1_59' title='bbox 302 1274 412 1340; x_wconf 78' lang='lat' dir='ltr'><strong>Codex</strong></span> <span class='ocrx_word' id='word_1_60' title='bbox 427 1277 541 1365; x_wconf 80' lang='lat' dir='ltr'><strong>absquo</strong></span> <span class='ocrx_word' id='word_1_61' title='bbox 547 1277 727 1365; x_wconf 81' lang='lat' dir='ltr'><strong>possessoris</strong></span> <span class='ocrx_word' id='word_1_62' title='bbox 739 1287 816 1342; x_wconf 82' lang='lat' dir='ltr'><strong>nota</strong></span> <span class='ocrx_word' id='word_1_63' title='bbox 827 1274 885 1340; x_wconf 88' lang='lat' dir='ltr'><strong>IV</strong></span> <span class='ocrx_word' id='word_1_64' title='bbox 900 1225 1034 1360; x_wconf 51' lang='lat'><strong>(8388).</strong></span> 
     </span>
    </p>
   </div>
   <div class='ocr_carea' id='block_1_4' title="bbox 101 1427 1107 1878">
    <p class='ocr_par' dir='ltr' id='par_1_5' title="bbox 101 1427 1107 1878">
     <span class='ocr_line' id='line_1_9' title="bbox 138 1427 1102 1504; baseline -0.003 -15"><span class='ocrx_word' id='word_1_65' title='bbox 138 1431 311 1492; x_wconf 82' lang='lat' dir='ltr'><strong>Chartaceus</strong></span> <span class='ocrx_word' id='word_1_66' title='bbox 324 1433 356 1491; x_wconf 91' lang='lat' dir='ltr'><strong>in</strong></span> <span class='ocrx_word' id='word_1_67' title='bbox 370 1433 422 1491; x_wconf 85' lang='lat' dir='ltr'><strong>fol.</strong></span> <span class='ocrx_word' id='word_1_68' title='bbox 437 1437 493 1492; x_wconf 83' lang='lat' dir='ltr'><strong>XV</strong></span> <span class='ocrx_word' id='word_1_69' title='bbox 507 1453 570 1492; x_wconf 73' lang='lat' dir='ltr'><strong>sac.</strong></span> <span class='ocrx_word' id='word_1_70' title='bbox 586 1446 692 1492; x_wconf 84' lang='lat' dir='ltr'><strong>exarat.</strong></span> <span class='ocrx_word' id='word_1_71' title='bbox 707 1443 841 1491; x_wconf 85' lang='lat' dir='ltr'><strong>constans</strong></span> <span class='ocrx_word' id='word_1_72' title='bbox 853 1433 889 1504; x_wconf 86' lang='lat'><strong>87</strong></span> <span class='ocrx_word' id='word_1_73' title='bbox 902 1430 997 1499; x_wconf 83' lang='lat' dir='ltr'><strong>foliis,</strong></span> <span class='ocrx_word' id='word_1_74' title='bbox 1010 1427 1102 1488; x_wconf 82' lang='lat' dir='ltr'><strong>nitide</strong></span> 
     </span>
     <span class='ocr_line' id='line_1_10' title="bbox 101 1524 1105 1609; baseline -0.003 -25"><span class='ocrx_word' id='word_1_75' title='bbox 101 1528 237 1606; x_wconf 83' lang='lat' dir='ltr'><strong>scriptus,</strong></span> <span class='ocrx_word' id='word_1_76' title='bbox 251 1549 322 1589; x_wconf 90' lang='lat' dir='ltr'><strong>cum</strong></span> <span class='ocrx_word' id='word_1_77' title='bbox 335 1531 411 1589; x_wconf 88' lang='lat' dir='ltr'><strong>notis</strong></span> <span class='ocrx_word' id='word_1_78' title='bbox 425 1530 462 1587; x_wconf 84' lang='lat' dir='ltr'><strong>ad</strong></span> <span class='ocrx_word' id='word_1_79' title='bbox 475 1531 634 1609; x_wconf 82' lang='lat' dir='ltr'><strong>marginem</strong></span> <span class='ocrx_word' id='word_1_80' title='bbox 649 1543 680 1588; x_wconf 90' lang='lat' dir='ltr'><strong>ct</strong></span> <span class='ocrx_word' id='word_1_81' title='bbox 692 1529 868 1596; x_wconf 81' lang='lat' dir='ltr'><strong>interlineas</strong></span> <span class='ocrx_word' id='word_1_82' title='bbox 883 1526 1004 1604; x_wconf 81' lang='lat' dir='ltr'><strong>scriptis.</strong></span> <span class='ocrx_word' id='word_1_83' title='bbox 1021 1524 1105 1582; x_wconf 81' lang='lat' dir='ltr'><strong>idem</strong></span> 
     </span>
     <span class='ocr_line' id='line_1_11' title="bbox 104 1615 1103 1705; baseline 0.001 -27"><span class='ocrx_word' id='word_1_84' title='bbox 104 1623 226 1695; x_wconf 81' lang='lat' dir='ltr'><strong>videtur,</strong></span> <span class='ocrx_word' id='word_1_85' title='bbox 241 1626 323 1703; x_wconf 91' lang='lat' dir='ltr'><strong>quod</strong></span> <span class='ocrx_word' id='word_1_86' title='bbox 339 1639 448 1704; x_wconf 85' lang='lat' dir='ltr'><strong>spectat</strong></span> <span class='ocrx_word' id='word_1_87' title='bbox 460 1626 497 1684; x_wconf 88' lang='lat' dir='ltr'><strong>ad</strong></span> <span class='ocrx_word' id='word_1_88' title='bbox 512 1639 642 1695; x_wconf 81' lang='lat' dir='ltr'><strong>tentum,</strong></span> <span class='ocrx_word' id='word_1_89' title='bbox 655 1647 671 1684; x_wconf 85' lang='lat' dir='ltr'><strong>c</strong></span> <span class='ocrx_word' id='word_1_90' title='bbox 685 1625 786 1705; x_wconf 79' lang='lat' dir='ltr'><strong>primis</strong></span> <span class='ocrx_word' id='word_1_91' title='bbox 798 1615 904 1683; x_wconf 74' lang='lat' dir='ltr'><strong>dactus</strong></span> <span class='ocrx_word' id='word_1_92' title='bbox 917 1621 1103 1694; x_wconf 68' lang='lat' dir='ltr'><strong>editionibus.</strong></span> 
     </span>
     <span class='ocr_line' id='line_1_12' title="bbox 103 1715 1107 1799; baseline -0.001 -24"><span class='ocrx_word' id='word_1_93' title='bbox 103 1719 283 1780; x_wconf 80' lang='lat' dir='ltr'><strong>Adscribitur</strong></span> <span class='ocrx_word' id='word_1_94' title='bbox 301 1741 394 1782; x_wconf 83' lang='lat' dir='ltr'><strong>annus</strong></span> <span class='ocrx_word' id='word_1_95' title='bbox 416 1723 675 1784; x_wconf 68' lang='lat' dir='ltr'>M-CCCGLXXI.</span> <span class='ocrx_word' id='word_1_96' title='bbox 699 1723 843 1780; x_wconf 79' lang='lat' dir='ltr'><strong>Caeterum</strong></span> <span class='ocrx_word' id='word_1_97' title='bbox 863 1720 945 1799; x_wconf 81' lang='lat' dir='ltr'><strong>parvi</strong></span> <span class='ocrx_word' id='word_1_98' title='bbox 964 1715 1107 1778; x_wconf 80' lang='lat' dir='ltr'><strong>momenti</strong></span> 
     </span>
     <span class='ocr_line' id='line_1_13' title="bbox 104 1817 327 1878; baseline 0.027 -8"><span class='ocrx_word' id='word_1_99' title='bbox 104 1827 143 1872; x_wconf 83' lang='lat' dir='ltr'><strong>cst</strong></span> <span class='ocrx_word' id='word_1_100' title='bbox 155 1817 209 1876; x_wconf 83' lang='lat' dir='ltr'><strong>iste</strong></span> <span class='ocrx_word' id='word_1_101' title='bbox 224 1819 327 1878; x_wconf 86' lang='lat' dir='ltr'>codex.</span> 
     </span>
    </p>
   </div>
   <div class='ocr_carea' id='block_1_5' title="bbox 503 1945 693 1960">
    <p class='ocr_par' dir='ltr' id='par_1_6' title="bbox 503 1945 693 1960">
     <span class='ocr_line' id='line_1_14' title="bbox 503 1945 693 1960; baseline 0.016 -3"><span class='ocrx_word' id='word_1_102' title='bbox 503 1945 693 1960; x_wconf 56' lang='grc' dir='ltr'><strong><em>Ἤ</em></strong></span> 
     </span>
    </p>
   </div>
   <div class='ocr_carea' id='block_1_6' title="bbox 285 2068 916 2117">
    <p class='ocr_par' dir='ltr' id='par_1_7' title="bbox 285 2068 916 2117">
     <span class='ocr_line' id='line_1_15' title="bbox 285 2068 916 2117; baseline 0 -3"><span class='ocrx_word' id='word_1_103' title='bbox 285 2070 307 2114; x_wconf 83' lang='grc' dir='ltr'><em>Ε</em></span> <span class='ocrx_word' id='word_1_104' title='bbox 331 2069 645 2117; x_wconf 71' lang='lat' dir='ltr'><strong>ntsnlosflncs</strong></span> <span class='ocrx_word' id='word_1_105' title='bbox 671 2068 916 2117; x_wconf 73' lang='lat' dir='ltr'><strong>-vsstcstts,</strong></span> 
     </span>
    </p>
   </div>
   <div class='ocr_carea' id='block_1_7' title="bbox 110 2205 1085 2297">
    <p class='ocr_par' dir='ltr' id='par_1_8' title="bbox 110 2205 1085 2297">
     <span class='ocr_line' id='line_1_16' title="bbox 110 2205 1085 2297; baseline 0.002 -27"><span class='ocrx_word' id='word_1_106' title='bbox 110 2208 151 2282; x_wconf 79' lang='lat' dir='ltr'><strong>¹I.</strong></span> <span class='ocrx_word' id='word_1_107' title='bbox 165 2205 277 2271; x_wconf 71' lang='lat' dir='ltr'><strong>Codex</strong></span> <span class='ocrx_word' id='word_1_108' title='bbox 288 2208 542 2288; x_wconf 74' lang='lat' dir='ltr'><strong>Ateaandrinns,</strong></span> <span class='ocrx_word' id='word_1_109' title='bbox 552 2216 647 2272; x_wconf 80' lang='lat' dir='ltr'><strong>antea</strong></span> <span class='ocrx_word' id='word_1_110' title='bbox 656 2209 824 2296; x_wconf 64' lang='lat' dir='ltr'><strong>Succorwn</strong></span> <span class='ocrx_word' id='word_1_111' title='bbox 834 2211 952 2294; x_wconf 67' lang='lat' dir='ltr'><strong>regiam</strong></span> <span class='ocrx_word' id='word_1_112' title='bbox 964 2207 1085 2297; x_wconf 79' lang='lat'><strong>(2029).</strong></span> 
     </span>
    </p>
   </div>
   <div class='ocr_carea' id='block_1_8' title="bbox 97 2361 1122 2942">
    <p class='ocr_par' dir='ltr' id='par_1_9' title="bbox 97 2361 1122 2942">
     <span class='ocr_line' id='line_1_17' title="bbox 141 2361 1108 2443; baseline 0.003 -21"><span class='ocrx_word' id='word_1_113' title='bbox 141 2363 385 2422; x_wconf 84' lang='lat' dir='ltr'><strong>Membranaceus</strong></span> <span class='ocrx_word' id='word_1_114' title='bbox 396 2363 427 2422; x_wconf 90' lang='lat' dir='ltr'><strong>in</strong></span> <span class='ocrx_word' id='word_1_115' title='bbox 438 2361 490 2421; x_wconf 82' lang='lat' dir='ltr'><strong>tol.</strong></span> <span class='ocrx_word' id='word_1_116' title='bbox 504 2371 637 2426; x_wconf 84' lang='lat' dir='ltr'><strong>constans</strong></span> <span class='ocrx_word' id='word_1_117' title='bbox 651 2365 685 2420; x_wconf 91' lang='lat'><strong>61</strong></span> <span class='ocrx_word' id='word_1_118' title='bbox 699 2364 792 2434; x_wconf 81' lang='lat' dir='ltr'><strong>sotiis,</strong></span> <span class='ocrx_word' id='word_1_119' title='bbox 804 2365 834 2420; x_wconf 83' lang='lat' dir='ltr'>X</span> <span class='ocrx_word' id='word_1_120' title='bbox 846 2383 909 2422; x_wconf 86' lang='lat' dir='ltr'><strong>saec.</strong></span> <span class='ocrx_word' id='word_1_121' title='bbox 922 2377 1051 2423; x_wconf 84' lang='lat' dir='ltr'><strong>exaratus</strong></span> <span class='ocrx_word' id='word_1_122' title='bbox 1061 2365 1108 2443; x_wconf 86' lang='lat' dir='ltr'><strong>(in</strong></span> 
     </span>
     <span class='ocr_line' id='line_1_18' title="bbox 97 2446 1108 2538; baseline 0.004 -19"><span class='ocrx_word' id='word_1_123' title='bbox 97 2446 184 2519; x_wconf 83' lang='lat' dir='ltr'><strong>catal.</strong></span> <span class='ocrx_word' id='word_1_124' title='bbox 196 2459 285 2518; x_wconf 90' lang='lat' dir='ltr'><strong>codd.</strong></span> <span class='ocrx_word' id='word_1_125' title='bbox 295 2462 385 2519; x_wconf 86' lang='lat' dir='ltr'><strong>Vatic.</strong></span> <span class='ocrx_word' id='word_1_126' title='bbox 398 2461 454 2520; x_wconf 82' lang='lat' dir='ltr'><strong>fert</strong></span> <span class='ocrx_word' id='word_1_127' title='bbox 464 2473 563 2519; x_wconf 87' lang='lat' dir='ltr'><strong>notam</strong></span> <span class='ocrx_word' id='word_1_128' title='bbox 575 2481 637 2519; x_wconf 84' lang='lat' dir='ltr'><strong>saec.</strong></span> <span class='ocrx_word' id='word_1_129' title='bbox 647 2460 716 2538; x_wconf 86' lang='lat' dir='ltr'>IX).</span> <span class='ocrx_word' id='word_1_130' title='bbox 728 2459 992 2520; x_wconf 83' lang='lat' dir='ltr'><strong>Excellentissimus</strong></span> <span class='ocrx_word' id='word_1_131' title='bbox 1003 2462 1108 2534; x_wconf 85' lang='lat' dir='ltr'><strong>codex,</strong></span> 
     </span>
     <span class='ocr_line' id='line_1_19' title="bbox 98 2557 1107 2636; baseline 0 -22"><span class='ocrx_word' id='word_1_132' title='bbox 98 2557 274 2616; x_wconf 88' lang='lat' dir='ltr'><strong>nitidissime</strong></span> <span class='ocrx_word' id='word_1_133' title='bbox 287 2570 316 2616; x_wconf 85' lang='lat' dir='ltr'><strong>et</strong></span> <span class='ocrx_word' id='word_1_134' title='bbox 328 2569 460 2616; x_wconf 87' lang='lat' dir='ltr'><strong>accurate</strong></span> <span class='ocrx_word' id='word_1_135' title='bbox 474 2557 615 2635; x_wconf 85' lang='lat' dir='ltr'><strong>scriptus,</strong></span> <span class='ocrx_word' id='word_1_136' title='bbox 628 2569 705 2616; x_wconf 87' lang='lat' dir='ltr'><strong>etex</strong></span> <span class='ocrx_word' id='word_1_137' title='bbox 718 2557 831 2636; x_wconf 87' lang='lat' dir='ltr'><strong>optimo</strong></span> <span class='ocrx_word' id='word_1_138' title='bbox 845 2557 951 2616; x_wconf 86' lang='lat' dir='ltr'><strong>ductus</strong></span> <span class='ocrx_word' id='word_1_139' title='bbox 962 2559 1107 2635; x_wconf 83' lang='lat' dir='ltr'><strong>exemplo.</strong></span> 
     </span>
     <span class='ocr_line' id='line_1_20' title="bbox 99 2654 1109 2732; baseline 0 -20"><span class='ocrx_word' id='word_1_140' title='bbox 99 2657 140 2714; x_wconf 91' lang='lat' dir='ltr'><strong>Eo</strong></span> <span class='ocrx_word' id='word_1_141' title='bbox 152 2655 324 2732; x_wconf 79' lang='lat' dir='ltr'><strong>fmqucntcr</strong></span> <span class='ocrx_word' id='word_1_142' title='bbox 334 2656 365 2712; x_wconf 89' lang='lat' dir='ltr'><strong>in</strong></span> <span class='ocrx_word' id='word_1_143' title='bbox 376 2654 432 2712; x_wconf 92' lang='lat' dir='ltr'><strong>hoc</strong></span> <span class='ocrx_word' id='word_1_144' title='bbox 442 2673 529 2732; x_wconf 81' lang='lat' dir='ltr'><strong>opere</strong></span> <span class='ocrx_word' id='word_1_145' title='bbox 540 2654 717 2712; x_wconf 86' lang='lat' dir='ltr'><strong>recensendo</strong></span> <span class='ocrx_word' id='word_1_146' title='bbox 729 2655 776 2712; x_wconf 90' lang='lat' dir='ltr'><strong>usi</strong></span> <span class='ocrx_word' id='word_1_147' title='bbox 789 2674 907 2726; x_wconf 89' lang='lat' dir='ltr'><strong>sumus,</strong></span> <span class='ocrx_word' id='word_1_148' title='bbox 918 2655 958 2712; x_wconf 87' lang='lat' dir='ltr'><strong>ita</strong></span> <span class='ocrx_word' id='word_1_149' title='bbox 967 2666 1002 2713; x_wconf 93' lang='lat' dir='ltr'><strong>ut</strong></span> <span class='ocrx_word' id='word_1_150' title='bbox 1012 2667 1109 2714; x_wconf 79' lang='lat' dir='ltr'><strong>nostra</strong></span> 
     </span>
     <span class='ocr_line' id='line_1_21' title="bbox 100 2750 1122 2830; baseline 0.003 -23"><span class='ocrx_word' id='word_1_151' title='bbox 100 2751 189 2810; x_wconf 87' lang='lat' dir='ltr'><strong>aditio</strong></span> <span class='ocrx_word' id='word_1_152' title='bbox 213 2752 354 2810; x_wconf 85' lang='lat' dir='ltr'><strong>lectiones</strong></span> <span class='ocrx_word' id='word_1_153' title='bbox 376 2753 439 2830; x_wconf 84' lang='lat' dir='ltr'><strong>ejus</strong></span> <span class='ocrx_word' id='word_1_154' title='bbox 462 2752 521 2808; x_wconf 80' lang='lat' dir='ltr'><strong>iere</strong></span> <span class='ocrx_word' id='word_1_155' title='bbox 543 2751 667 2830; x_wconf 82' lang='lat' dir='ltr'><strong>integras</strong></span> <span class='ocrx_word' id='word_1_156' title='bbox 687 2751 801 2830; x_wconf 76' lang='lat' dir='ltr'><strong>referat.</strong></span> <span class='ocrx_word' id='word_1_157' title='bbox 821 2750 991 2810; x_wconf 76' lang='lat' dir='ltr'><strong>iuvenalem</strong></span> <span class='ocrx_word' id='word_1_158' title='bbox 1011 2750 1122 2810; x_wconf 84' lang='lat' dir='ltr'><strong>solum.</strong></span> 
     </span>
     <span class='ocr_line' id='line_1_22' title="bbox 100 2830 1029 2942; baseline 0.003 -39"><span class='ocrx_word' id='word_1_159' title='bbox 100 2845 218 2908; x_wconf 80' lang='lat' dir='ltr'>exhibet</span> <span class='ocrx_word' id='word_1_160' title='bbox 232 2867 301 2907; x_wconf 87' lang='lat' dir='ltr'><strong>cum</strong></span> <span class='ocrx_word' id='word_1_161' title='bbox 315 2847 433 2906; x_wconf 82' lang='lat' dir='ltr'><strong>scholiis</strong></span> <span class='ocrx_word' id='word_1_162' title='bbox 446 2846 483 2903; x_wconf 88' lang='lat' dir='ltr'><strong>ad</strong></span> <span class='ocrx_word' id='word_1_163' title='bbox 499 2847 656 2924; x_wconf 81' lang='lat' dir='ltr'><strong>marginem</strong></span> <span class='ocrx_word' id='word_1_164' title='bbox 670 2830 788 2942; x_wconf 41' lang='lat' dir='ltr'><strong>et‘intsr</strong></span> <span class='ocrx_word' id='word_1_165' title='bbox 800 2845 893 2906; x_wconf 83' lang='lat' dir='ltr'><strong>lineas</strong></span> <span class='ocrx_word' id='word_1_166' title='bbox 906 2847 1029 2925; x_wconf 65' lang='lat' dir='ltr'><strong>scriptis„</strong></span> 
     </span>
    </p>
   </div>
   <div class='ocr_carea' id='block_1_9' title="bbox 214 3148 986 3206">
    <p class='ocr_par' dir='ltr' id='par_1_10' title="bbox 214 3148 986 3206">
     <span class='ocr_line' id='line_1_23' title="bbox 214 3148 986 3206; baseline -0.004 -7"><span class='ocrx_word' id='word_1_167' title='bbox 214 3151 416 3199; x_wconf 76' lang='lat' dir='ltr'><strong>-cODIGES</strong></span> <span class='ocrx_word' id='word_1_168' title='bbox 440 3149 534 3196; x_wconf 75' lang='lat' dir='ltr'><strong>anst</strong></span> <span class='ocrx_word' id='word_1_169' title='bbox 562 3151 613 3196; x_wconf 73' lang='lat' dir='ltr'><strong>Ex</strong></span> <span class='ocrx_word' id='word_1_170' title='bbox 639 3148 986 3206; x_wconf 56' lang='lat' dir='ltr'><strong>luminant.</strong></span> 
     </span>
    </p>
   </div>
   <div class='ocr_carea' id='block_1_10' title="bbox 400 3292 805 3371">
    <p class='ocr_par' dir='ltr' id='par_1_11' title="bbox 400 3292 805 3371">
     <span class='ocr_line' id='line_1_24' title="bbox 400 3292 805 3371; baseline -0.002 -13"><span class='ocrx_word' id='word_1_171' title='bbox 400 3294 428 3358; x_wconf 86' lang='lat' dir='ltr'><strong>I.</strong></span> <span class='ocrx_word' id='word_1_172' title='bbox 456 3292 530 3358; x_wconf 89' lang='lat' dir='ltr'><strong>Cod.</strong></span> <span class='ocrx_word' id='word_1_173' title='bbox 548 3294 589 3356; x_wconf 87' lang='lat' dir='ltr'><strong>n⁰</strong></span> <span class='ocrx_word' id='word_1_174' title='bbox 611 3292 805 3371; x_wconf 69' lang='grc' dir='ltr'><strong>ιιι-(51.</strong></span> 
     </span>
    </p>
   </div>
   <div class='ocr_carea' id='block_1_11' title="bbox 99 3450 1121 3918">
    <p class='ocr_par' dir='ltr' id='par_1_12' title="bbox 99 3450 1121 3918">
     <span class='ocr_line' id='line_1_25' title="bbox 136 3450 1112 3526; baseline -0.002 -13"><span class='ocrx_word' id='word_1_175' title='bbox 136 3454 380 3526; x_wconf 84' lang='lat' dir='ltr'><strong>Membranaceus</strong></span> <span class='ocrx_word' id='word_1_176' title='bbox 393 3453 424 3510; x_wconf 89' lang='lat' dir='ltr'><strong>in</strong></span> <span class='ocrx_word' id='word_1_177' title='bbox 440 3452 478 3523; x_wconf 60' lang='grc' dir='ltr'><strong>[ἡ</strong></span> <span class='ocrx_word' id='word_1_178' title='bbox 492 3453 626 3510; x_wconf 82' lang='lat' dir='ltr'><strong>constans</strong></span> <span class='ocrx_word' id='word_1_179' title='bbox 643 3453 698 3509; x_wconf 76' lang='lat'><strong>128</strong></span> <span class='ocrx_word' id='word_1_180' title='bbox 712 3450 807 3522; x_wconf 87' lang='lat' dir='ltr'><strong>foliis,</strong></span> <span class='ocrx_word' id='word_1_181' title='bbox 818 3455 875 3509; x_wconf 87' lang='lat' dir='ltr'><strong>XV</strong></span> <span class='ocrx_word' id='word_1_182' title='bbox 887 3472 951 3515; x_wconf 84' lang='lat' dir='ltr'><strong>saec.</strong></span> <span class='ocrx_word' id='word_1_183' title='bbox 965 3466 1112 3522; x_wconf 83' lang='lat' dir='ltr'><strong>exaratus,</strong></span> 
     </span>
     <span class='ocr_line' id='line_1_26' title="bbox 100 3548 1113 3628; baseline 0 -22"><span class='ocrx_word' id='word_1_184' title='bbox 100 3549 266 3610; x_wconf 81' lang='lat' dir='ltr'><strong>charactere</strong></span> <span class='ocrx_word' id='word_1_185' title='bbox 277 3549 402 3626; x_wconf 87' lang='lat' dir='ltr'><strong>Gothico</strong></span> <span class='ocrx_word' id='word_1_186' title='bbox 413 3548 566 3628; x_wconf 80' lang='lat' dir='ltr'><strong>diligenter</strong></span> <span class='ocrx_word' id='word_1_187' title='bbox 576 3560 605 3607; x_wconf 85' lang='lat' dir='ltr'><strong>ct</strong></span> <span class='ocrx_word' id='word_1_188' title='bbox 616 3560 747 3607; x_wconf 83' lang='lat' dir='ltr'><strong>accurate</strong></span> <span class='ocrx_word' id='word_1_189' title='bbox 760 3549 898 3626; x_wconf 86' lang='lat' dir='ltr'><strong>scriptus,</strong></span> <span class='ocrx_word' id='word_1_190' title='bbox 910 3561 953 3608; x_wconf 88' lang='lat' dir='ltr'><strong>sat</strong></span> <span class='ocrx_word' id='word_1_191' title='bbox 961 3549 1035 3608; x_wconf 84' lang='lat' dir='ltr'><strong>bens</strong></span> <span class='ocrx_word' id='word_1_192' title='bbox 1045 3569 1113 3608; x_wconf 91' lang='lat' dir='ltr'><strong>con·</strong></span> 
     </span>
     <span class='ocr_line' id='line_1_27' title="bbox 100 3645 1121 3732; baseline -0.002 -26"><span class='ocrx_word' id='word_1_193' title='bbox 100 3661 246 3718; x_wconf 85' lang='lat' dir='ltr'><strong>servatus,</strong></span> <span class='ocrx_word' id='word_1_194' title='bbox 259 3667 315 3706; x_wconf 81' lang='lat' dir='ltr'><strong>nec</strong></span> <span class='ocrx_word' id='word_1_195' title='bbox 330 3665 392 3704; x_wconf 89' lang='lat' dir='ltr'><strong>non</strong></span> <span class='ocrx_word' id='word_1_196' title='bbox 405 3646 585 3704; x_wconf 79' lang='lat' dir='ltr'><strong>emendatus.</strong></span> <span class='ocrx_word' id='word_1_197' title='bbox 600 3645 727 3703; x_wconf 79' lang='lat' dir='ltr'><strong>Exhihst</strong></span> <span class='ocrx_word' id='word_1_198' title='bbox 739 3645 868 3704; x_wconf 82' lang='lat' dir='ltr'><strong>Persium</strong></span> <span class='ocrx_word' id='word_1_199' title='bbox 882 3665 951 3704; x_wconf 89' lang='lat' dir='ltr'><strong>cum</strong></span> <span class='ocrx_word' id='word_1_200' title='bbox 964 3665 1121 3732; x_wconf 34' lang='lat' dir='ltr'><strong>commem·</strong></span> 
     </span>
     <span class='ocr_line' id='line_1_28' title="bbox 100 3740 1114 3812; baseline -0.001 -11"><span class='ocrx_word' id='word_1_201' title='bbox 100 3745 177 3804; x_wconf 86' lang='lat' dir='ltr'><strong>tariis</strong></span> <span class='ocrx_word' id='word_1_202' title='bbox 196 3749 331 3804; x_wconf 85' lang='lat' dir='ltr'><strong>Cornuto</strong></span> <span class='ocrx_word' id='word_1_203' title='bbox 349 3741 512 3812; x_wconf 80' lang='lat' dir='ltr'><strong>attributis,</strong></span> <span class='ocrx_word' id='word_1_204' title='bbox 526 3755 556 3800; x_wconf 83' lang='lat' dir='ltr'><strong>et</strong></span> <span class='ocrx_word' id='word_1_205' title='bbox 576 3741 746 3800; x_wconf 78' lang='lat' dir='ltr'><strong>Iuvenalem</strong></span> <span class='ocrx_word' id='word_1_206' title='bbox 766 3761 835 3799; x_wconf 90' lang='lat' dir='ltr'><strong>cum</strong></span> <span class='ocrx_word' id='word_1_207' title='bbox 854 3740 970 3800; x_wconf 87' lang='lat' dir='ltr'><strong>scholiis</strong></span> <span class='ocrx_word' id='word_1_208' title='bbox 987 3741 1024 3798; x_wconf 84' lang='lat' dir='ltr'><strong>ad</strong></span> <span class='ocrx_word' id='word_1_209' title='bbox 1038 3759 1114 3800; x_wconf 60' lang='lat' dir='ltr'><strong>mash</strong></span> 
     </span>
     <span class='ocr_line' id='line_1_29' title="bbox 99 3835 1060 3918; baseline -0.012 -16"><span class='ocrx_word' id='word_1_210' title='bbox 99 3841 196 3918; x_wconf 77' lang='lat' dir='ltr'><strong>ginem</strong></span> <span class='ocrx_word' id='word_1_211' title='bbox 211 3853 243 3900; x_wconf 90' lang='lat' dir='ltr'><strong>ct</strong></span> <span class='ocrx_word' id='word_1_212' title='bbox 257 3841 334 3898; x_wconf 85' lang='lat' dir='ltr'><strong>inter</strong></span> <span class='ocrx_word' id='word_1_213' title='bbox 347 3837 438 3896; x_wconf 86' lang='lat' dir='ltr'><strong>lineas</strong></span> <span class='ocrx_word' id='word_1_214' title='bbox 451 3837 577 3915; x_wconf 71' lang='lat' dir='ltr'><strong>scriptiss</strong></span> <span class='ocrx_word' id='word_1_215' title='bbox 587 3839 657 3896; x_wconf 85' lang='lat' dir='ltr'><strong>Haec</strong></span> <span class='ocrx_word' id='word_1_216' title='bbox 669 3835 774 3896; x_wconf 82' lang='lat' dir='ltr'><strong>ultimo</strong></span> <span class='ocrx_word' id='word_1_217' title='bbox 788 3836 860 3914; x_wconf 80' lang='lat' dir='ltr'><strong>solio</strong></span> <span class='ocrx_word' id='word_1_218' title='bbox 875 3837 1060 3895; x_wconf 84' lang='lat' dir='ltr'><strong>scribuntur:</strong></span> 
     </span>
    </p>
   </div>
   <div class='ocr_carea' id='block_1_12' title="bbox 239 3947 973 4128">
    <p class='ocr_par' dir='ltr' id='par_1_13' title="bbox 239 3947 973 4128">
     <span class='ocr_line' id='line_1_30' title="bbox 239 3947 973 4081; baseline -0.008 -39"><span class='ocrx_word' id='word_1_219' title='bbox 239 3973 321 4042; x_wconf 87' lang='lat' dir='ltr'><strong>Deo</strong></span> <span class='ocrx_word' id='word_1_220' title='bbox 339 3947 476 4066; x_wconf 78' lang='lat' dir='ltr'><strong>gratias</strong></span> <span class='ocrx_word' id='word_1_221' title='bbox 490 3991 609 4040; x_wconf 87' lang='lat' dir='ltr'><strong>amen.</strong></span> <span class='ocrx_word' id='word_1_222' title='bbox 633 3965 718 4054; x_wconf 68' lang='lat'><strong>1451</strong></span> <span class='ocrx_word' id='word_1_223' title='bbox 743 3965 802 4038; x_wconf 89' lang='lat' dir='ltr'><strong>die</strong></span> <span class='ocrx_word' id='word_1_224' title='bbox 822 3993 841 4038; x_wconf 81' lang='lat' dir='ltr'><strong>a</strong></span> <span class='ocrx_word' id='word_1_225' title='bbox 861 3968 973 4081; x_wconf 77' lang='lat' dir='ltr'><strong>Iunij.</strong></span> 
     </span>
     <span class='ocr_line' id='line_1_31' title="bbox 916 4093 934 4128; baseline 0 -1"><span class='ocrx_word' id='word_1_226' title='bbox 916 4093 934 4128; x_wconf 66' lang='lat' dir='ltr'><strong>s</strong></span> 
     </span>
    </p>
   </div>
   <div class='ocr_carea' id='block_1_13' title="bbox 0 0 1425 4654">
    <p class='ocr_par' dir='ltr' id='par_1_14' title="bbox 0 0 1425 4654">
     <span class='ocr_line' id='line_1_32' title="bbox 0 0 1425 4654; baseline 0 0"><span class='ocrx_word' id='word_1_227' title='bbox 0 0 1425 4654; x_wconf 95' lang='lat' dir='ltr'><strong> </strong></span> 
     </span>
    </p>
   </div>
  </div>
 </body>
</html>
