2922 4672
279 319 354 444 92'
432 357 601 428 onus
631 365 723 448 Qm
754 335 1138 438 1NJUV'ENALEM

471 529 474 536 .
557 489 751 562 animumne
761 494 867 573 poliret
877 496 924 554 vel
936 511 1049 557 ornaret
1060 481 1171 575 eqiium
1181 495 1301 578 fulcris.

314 579 335 626 E
356 589 487 628 comment.

281 649 392 697 Guarini.

212 858 217 867 ‘
309 859 334 909 ,E
348 870 480 910 comment.

235 969 239 980 .
280 929 423 978 Omniboni.

597 590 633 644 V.
654 591 719 658 148.
740 592 811 648 Ctim
824 589 1049 672 posces.·]Ci1m
1069 593 1180 671 aliquid
1195 592 1302 662 voles,

557 681 687 760 loqueris
701 691 847 758 Romane,
861 689 929 766 quia
947 708 1007 748 non
1023 690 1158 767 intelligit
1174 693 1301 757 Graece‚

557 781 651 838 otalii
666 783 788 855 faciunt,
802 805 856 842 nec
870 788 970 863 Syrie,
984 806 1038 844 nec
1052 787 1145 863 Frige.

549 915 551 922 ·
598 881 634 934 V.
654 881 719 950 173.
731 881 1174 958 Laccdoemcniumpitismdte.]
1186 880 1299 950 Dives,

557 975 672 1053 inquit,
685 977 798 1034 buntur
812 991 841 1036 et
854 979 1015 1036 delectetur
1025 977 1121 1036 verbis
1132 976 1297 1048 cbseoenis,

559 1084 588 1129 et
606 1074 686 1132 omni
700 1087 761 1130 arte
775 1095 892 1152 prorsus
908 1075 1064 1133 libidinosa
1078 1074 1175 1143 illius,
1187 1071 1239 1149 qui
1255 1071 1297 1130 de

557 1168 698 1226 industria
713 1169 805 1228 factus
827 1185 870 1229 est
889 1172 1003 1240 ebrius,
1021 1183 1055 1227 ut
1070 1169 1206 1228 omnibns
1219 1166 1298 1224 ridi-

558 1266 627 1324 culo
640 1257 966 1324 sio--L'acedaemonto
975 1269 1136 1342 pitismate.
1152 1268 1215 1322 Hoc
1230 1276 1296 1334 est,

538 1362 696 1421 ebrietate
721 1365 1008 1423 lacedaemoniorum
1030 1385 1036 1419 :
1063 1382 1129 1420 nam
1142 1404 1150 1431 ‚
1164 1363 1296 1436 pitseo,

558 1458 616 1516 hoc
634 1472 693 1529 est,
708 1460 877 1538 frequenter
891 1462 981 1531 bibo;
996 1459 1076 1518 unde
1091 1459 1224 1534 piisima.
1240 1463 1299 1535 Ly-

558 1573 665 1632 curgus
680 1568 777 1614 nutem
790 1556 1078 1614 Lacedaemoniorum
1091 1574 1143 1612 rex
1155 1566 1183 1611 et
1193 1552 1296 1630 legum

491 1649 495 1658 '
557 1649 633 1706 lator
645 1650 786 1720 instituit,
802 1663 835 1707 ut
851 1651 971 1730 singolis
985 1653 1068 1710 annis
1084 1669 1162 1708 unus
1176 1669 1192 1706 e
1207 1649 1298 1706 servis

513 1743 516 1750 ’
559 1746 737 1818 ebsiaretnr,
754 1747 806 1825 qui
825 1748 894 1806 vino
918 1748 1088 1826 compulsus
1110 1746 1214 1804 urbem
1235 1746 1296 1804 cir*

510 1887 513 1896 ,
559 1843 658 1901 cuibat
668 1843 870 1901 obscoenitates
883 1857 911 1901 et
922 1844 1044 1922 ineptias
1056 1842 1202 1925 laciend03
1214 1841 1297 1919 quod

318 2567 338 2611 E
352 2573 482 2614 comment.

201 2671 204 2678 ,
284 2635 397 2684 Guarini.

319 2952 357 3000 Ex
371 2952 464 2999 codem

297 3235 300 3242 ’
318 3231 465 3280 Evocabol.
481 3201 532 3280 ad.

283 3304 437 3353 Iuvenalem.

560 1938 608 1995 alii
619 1938 764 2009 videntes,
778 1937 866 2016 quim
877 1953 963 2018 turpe
976 1953 1049 1998 esset
1062 1940 1176 1998 ebrium
1187 1936 1295 2006 videri,

559 2036 653 2092 ovino
660 2035 851 2093 abstinebant.
860 2035 938 2094 Dicit
947 2037 1036 2114 igitur
1042 2035 1203 2094 Iuvenalis:
1214 2033 1296 2090 dives

561 2130 722 2190 delectetur
735 2133 766 2189 in
781 2151 835 2190 suo
850 2133 982 2190 convivio
996 2132 1103 2190 habere
1117 2132 1227 2200 ebrios,
1243 2130 1297 2206 qui

561 2228 713 2288 imitentur
728 2227 804 2287 illud
824 2229 1086 2288 lacedaemonium.
1097 2227 1295 2284 -Lubricat

561 2325 645 2403 quasi
659 2326 768 2384 ebrius.

692 2459 767 2516 Sic.
795 2461 876 2516 XII.

601 2574 637 2626 V.
657 2590 700 2626 10.
720 2572 754 2626 Si
768 2589 813 2626 nes
831 2569 965 2646 amplo]
982 2569 1012 2628 Si
1031 2567 1168 2625 haberem
1182 2563 1298 2625 divitias

562 2667 602 2724 ita
619 2685 754 2744 magnas,
776 2667 851 2723 sicut
875 2665 1000 2734 effecto,
1025 2683 1079 2742 ego
1101 2663 1237 2720 ducerem
1257 2661 1296 2718 od

562 2764 615 2820 ista
627 2761 763 2820 sacrificia
775 2761 999 2840 pinguissimum
1011 2773 1161 2817 taurorum
1172 2755 1297 2816 similem

562 2858 692 2937 Hispulae
707 2858 913 2938 pinguissimae.

601 2959 637 3013 V.
654 2975 702 3032 ²9·
719 2954 862 3031 Catullo]
877 2953 1001 3012 Videtur
1013 2951 1138 3028 intelligi
1153 2950 1189 3008 de
1203 2948 1297 3007 altero

561 3052 673 3120 amico,
687 3048 776 3128 quim
788 3052 824 3107 sit
835 3051 992 3120 Cominus,
1004 3049 1074 3126 quia
1088 3048 1211 3105 Corvino
1226 3043 1298 3102 scri-

562 3147 606 3210 bit
620 3145 657 3206 de
672 3147 832 3204 infortunio
847 3145 934 3202 Galli.

599 3245 637 3299 V.
654 3251 701 3316 47.
721 3241 853 3318 Conlati]
868 3239 979 3318 Supple
998 3237 1297 3318 argenti-‘Aigentum

561 3339 712 3408 caelatum,
728 3338 786 3394 sive
800 3336 928 3406 factum,
943 3335 1032 3413 vulgo
1053 3338 1106 3392 mis
1124 3343 1161 3390 en
1179 3351 1295 3391 oeuvoe:

561 3455 666 3513 nempe
675 3436 705 3492 in
714 3433 788 3490 vasis
799 3444 828 3489 et
837 3432 925 3509 signis
934 3431 1094 3509 signatum,
1108 3433 1206 3500 cebete,
1218 3448 1296 3484 mon·

562 3538 655 3608 noye¹5
674 3531 814 3588 infectum
837 3528 899 3585 scil.
925 3528 1044 3607 qnando
1067 3540 1110 3585 est
1134 3527 1164 3584 in
1184 3544 1295 3592 massa,

561 3627 667 3706 vulgo,
682 3647 717 3683 en
732 3627 822 3700 linget
837 3643 874 3680 ou
893 3643 929 3680 en
944 3643 1057 3681 masse:
1073 3623 1156 3682 etsie
1172 3621 1231 3678 dici
1246 3637 1298 3697 po-

562 3735 617 3781 test
631 3723 668 3780 de
683 3721 820 3780 omnibus
835 3719 970 3778 metallis.
1259 3707 1263 3714 ⁴

669 3856 751 3911 St‘r.
780 3852 891 3934 XlII.

292 4029 295 4036 ,
319 3981 544 4032 Evocadtoven.
600 3971 636 4028 V.
656 3966 702 4042 59.
719 3941 850 4038 Lanngo.
861 3962 874 4040 ]
888 3961 1021 4040 proprie,
1036 3973 1111 4019 sorte
1129 3961 1166 4017 de
1173 3959 1243 4036 poil
1260 3975 1298 4013 ou
