2924 4662
277 379 339 448 29⁰
492 357 642 433 ,vura
668 355 1076 426 construtam

273 481 426 561 legebant,
439 481 510 560 qnia
528 493 558 542 et
571 482 708 544 Horatius
725 495 757 540 et
769 481 907 560 Virgilius
922 483 998 562 nigri
1015 481 1122 544 coloris¹
1140 483 1283 548 mantus

274 581 374 638 luisse.
388 578 461 638 Ideo
472 577 628 656 ‚diasyrticae
641 577 715 638 dixit
727 578 915 640 detrahendo.

309 680 346 734 V.
359 694 426 752 ²²9·
435 677 496 736 Sed
504 681 576 746 voc]
589 676 746 736 licim'sias
758 675 809 736 lite
820 676 964 754 magistris
976 675 1141 736 redduntur
1154 698 1281 738 meroes:

274 771 325 830 sed
338 771 416 829 enim
428 790 495 842 vos,
507 770 525 829 d
538 771 664 842 tribuni,
676 771 764 828 duras
774 771 956 832 conditiones
967 773 1112 850 magistris
1121 772 1283 849 imponite,

273 881 309 928 ut
319 881 349 926 et
359 868 421 928 sine
431 867 503 926 vitio
513 868 688 946 loquantur,
699 879 729 926 et
741 887 844 928 omnes
854 868 987 928 historias
998 879 1028 928 et
1037 873 1138 948 politas
1149 881 1282 942 teneant,

274 975 304 1023 et
316 977 351 1022 ut
363 983 549 1042 quacumque
564 965 621 1022 sint
634 964 706 1024 hora
718 965 806 1024 etiam
823 964 860 1022 de
877 965 965 1024 rebus
978 965 1091 1044 exiguis
1105 977 1134 1024 et
1145 966 1284 1044 impossi-

276 1059 386 1120 bilibus
401 1060 498 1118 statim
510 1059 714 1140 respondeant.

312 1160 348 1214 V.
369 1155 436 1214 233.
454 1161 516 1212 Aut
529 1157 635 1216 Ptoest
652 1158 780 1228 balneo]
791 1157 909 1216 Privatae
924 1155 1050 1228 balneas,
1065 1175 1131 1233 quae
1151 1155 1283 1235 daphnes
1371 1182 1374 1188 ·

275 1251 469 1332 appellantur.

313 1353 350 1407 V.
368 1350 434 1418 all.
448 1351 597 1408 Nutricem
610 1350 769 1422 Anchise]
783 1347 949 1427 Tisiphone.

314 1449 352 1503 V.
369 1453 435 1513 alo.
448 1446 758 1520 Nesaciantuicibus.]
772 1449 815 1504 Ns
829 1465 858 1504 se
872 1438 1068 1524 corrumpant.

309 1543 349 1598 V.
364 1550 430 1610 241.
451 1543 606 1602 Observare
617 1548 742 1614 uranus]
757 1545 800 1600 Ne
813 1542 954 1620 praeputia
966 1541 1083 1600 ducam.

312 1638 349 1694 V.
361 1644 427 1704 sla.
439 1641 478 1696 Et
486 1639 551 1696 crim
561 1658 592 1696 se
601 1641 841 1709 demutamus]
850 1641 918 1698 llaec
928 1649 1089 1718 exposcunt
1097 1656 1115 1696 a
1123 1638 1281 1718 magistris,

275 1744 305 1790 et
319 1745 386 1810 post
400 1735 498 1791 omnia
510 1734 542 1792 in
554 1754 663 1792 annum
677 1751 772 1792 unum
783 1734 912 1792 solidum
923 1734 1075 1812 accipient.

312 1833 349 1886 V.
365 1830 431 1897 all.
447 1832 555 1886 Victori
555 1833 705 1906 populus]
718 1834 758 1889 Ut
770 1830 802 1886 in
814 1829 927 1887 theatro
939 1829 1033 1888 solent
1044 1841 1141 1908 petere
1151 1830 1282 1908 quinque

274 1945 386 1985 aureos.
398 1930 472 1986 Nam
487 1945 547 1986 non
561 1926 666 1986 licebat
679 1925 806 2004 amplius
816 1925 894 1984 dare.

685 2143 873 2164 mm

400 2384 405 2390 ι
512 2255 559 2354 iu
583 2297 787 2355 simassi
810 2296 1038 2354 ocrivssr.

540 2445 578 2498 bs
599 2461 790 2500 cossium
808 2458 998 2493 uariarum.

315 2606 351 2662 lu
365 2620 415 2659 sos
429 2601 482 2678 qui
495 2602 639 2679 majorum
652 2619 775 2657 suorum
786 2597 938 2658 nobilitate
952 2595 1070 2670 conisi,
1083 2599 1170 2658 nimis
1181 2619 1211 2658 se
1218 2601 1282 2680 jac·

276 2701 377 2768 siunt,
391 2695 461 2756 chin
475 2697 532 2773 ipsi
548 2695 622 2754 nihil
636 2715 696 2754 suae
710 2695 825 2758 virtutis
838 2696 999 2754 ostendant.

313 2798 380 2852 V.
386 2795 586 2866 Stemmata]
603 2795 733 2851 stemma
745 2804 788 2850 est
798 2792 911 2868 generis
927 2791 1015 2862 ordo,
1025 2802 1061 2849 ut
1073 2791 1190 2869 gradi..

293 2894 350 2956 V.
363 2888 391 2946 ὅ.
403 2893 540 2964 Notaque
552 2901 706 2946 carentem.
708 2893 718 2958 ]
729 2889 878 2946 Vetustate
889 2886 1009 2966 picturas
1019 2887 1220 2959 ineffectum,
1231 2900 1285 2946 aut

277 2985 345 3064 qrris
358 2985 520 3044 breviorem
531 3005 635 3044 nasum
646 2984 757 3044 habuit.

314 3087 350 3140 V.
364 3085 392 3141 6.
410 3085 550 3141 Tabula
530 3105 555 3155 J.
569 3103 680 3158 capaci.
670 3085 693 3152 .]
706 3080 835 3159 Imagine
846 3091 995 3158 perpetua.

312 3185 378 3238 V.*
381 3222 387 3236 .
404 3181 499 3236 Multa
510 3183 670 3254 contingere
682 3179 786 3252 virga]
799 3176 899 3236 Multis
910 3175 1053 3248 fascibus,
1066 3175 1215 3256 dignitate.

312 3280 349 3334 V.
362 3277 390 3333 8.
404 3275 544 3332 siceram
554 3277 694 3350 Lepidis]
707 3277 784 3330 Ante
797 3273 935 3351 imagines
945 3272 1131 3352 Lepidorum.

314 3376 350 3430 V.
367 3393 395 3449 9.
409 3375 484 3430 Alea
492 3377 632 3468 portiom]
650 3373 704 3429 Per
716 3382 808 3428 totam
821 3381 937 3430 noctem
950 3370 975 3428 si
987 3369 1108 3430 luditur.
1121 3367 1280 3447 Virgilius:

448 3488 750 3553 Durajacetperuoxina
738 3496 821 3536 a.trato

313 3595 349 3649 V.
367 3611 413 3647 12.
431 3593 489 3649 Cur
500 3591 707 3666 Allobrogicis]
724 3563 842 3648 Gallicis
859 3588 1105 3667 possessionibus,
1120 3599 1172 3645 aut
1186 3586 1282 3714 titulis

249 3676 477 3757 -victorian‘im,
491 3698 542 3743 aut
556 3683 678 3743 aedibus.

314 3787 350 3840 V.
368 3783 412 3840 13.
428 3785 548 3840 Natus'
535 3803 565 3838 m
578 3785 692 3840 Hercul.
705 3783 777 3840 Fab.
793 3785 876 3853 lare]
892 3785 996 3860 Magna
1009 3801 1057 3839 ara
1070 3779 1117 3838 ad
1114 3705 1280 3837 Herculem
1382 3840 1385 3846 ,

274 3878 381 3937 dicitur
403 3881 525 3950 Romas,
543 3877 634 3957 juxta
649 3878 766 3938 Οἰνοιιινι
788 3877 971 3938 Flaminium.
992 3877 1098 3937 Fabius
1117 3895 1153 3935 ex
1174 3893 1279 3954 genere

275 3973 415 4034 Herculis.
486 3997 489 4006 ’
1116 3995 1118 4002 “
