2924 4662
247 361 320 427 2‘36v
412 373 415 380 ’
460 355 621 422 'VE'T‘L
649 351 1024 420 cottttattuauss

285 486 323 542 V.
339 483 386 542 26.
403 483 525 558 Canopi.
538 489 548 554 ]
562 484 699 558 Canopus
717 478 862 558 oppidum
881 475 1024 556 Aegypti,
1041 474 1155 533 dictum
1171 491 1188 530 a
1205 489 1265 552 gu·

245 563 399 640 bematore
411 580 564 658 Maenalio,
577 579 630 658 qui
643 575 754 636 ibidem
766 594 867 634 morsu
881 572 1022 652 serpentis
1033 573 1192 632 exstinctus
1205 582 1260 628 est.

286 681 323 736 V.
338 697 386 750 ²7·
404 679 579 752 Crispinus]
591 675 722 738 Niliacus
738 691 816 730 unus
829 673 866 730 de
882 667 1060 730 Consulibus
1076 663 1213 738 Liciniae,
1224 685 1260 724 ac

247 773 284 832 de
299 773 385 851 plebe
398 773 523 851 Aegypti
543 773 617 841 luit,
631 791 802 850 magnarum
815 781 916 847 postea
929 772 1032 826 Romae
1046 765 1228 824 facultatum.

285 871 323 927 V.
337 870 384 926 28.
398 871 521 926 Ventilet
531 868 683 946 astacum]
690 869 744 926 Per
750 866 897 924 luxuriam
906 865 985 946 cuim
996 863 1120 921 annulos
1131 861 1262 930 aestivos,

246 977 276 1024 ct
296 962 435 1023 hiemales
455 965 575 1022 invenit.
1327 1039 1330 1055 Ι

284 1065 322 1118 V.
337 1061 384 1118 32.
405 1061 562 1118 Mathonis.
574 1061 585 1139 ]
598 1060 750 1118 'Advocati
761 1101 771 1129 ,
784 1059 837 1136 qui
857 1055 1015 1122 sceleribus
1035 1055 1117 1112 dives
1137 1053 1262 1111 effectus
1328 1069 1336 1086 ·

245 1171 310 1230 est3
325 1171 354 1216 ct
372 1157 492 1227 lectica,
509 1177 602 1236 genus
615 1155 742 1215 vehiculi
759 1175 820 1234 quo
834 1154 947 1214 nobiles
960 1145 1158 1223 vehebantur3
1173 1149 1261 1228 plena

246 1267 345 1314 autem
358 1255 438 1334 ipso,
452 1254 523 1332 quia
541 1273 654 1312 crassus
675 1254 742 1310 fuit.

284 1355 323 1408 V.
341 1351 389 1408 3¹3.
410 1353 518 1426 Magni
536 1353 652 1408 delator
671 1349 793 1428 amici]
815 1348 1009 1406 Heliodorum
1033 1344 1104 1402 dicit
1129 1343 1261 1402 Stoicum

151 1490 154 1495 -
192 1463 200 1484 ⁸
246 1447 476 1528 philosophum,
492 1447 544 1526 qui
564 1447 709 1506 Licinium
726 1446 859 1505 Silanum
877 1443 1056 1525 d‘nipulum
1070 1461 1176 1512 suum,
1191 1437 1262 1514 ciam

246 1557 417 1622 argueretur
431 1544 657 1622 conjurationis,
673 1542 866 1611 inficiantem,
881 1553 986 1619 praeter
1006 1539 1194 1598 domesticam
1210 1537 1263 1594 de-

246 1642 405 1712 lationem,
417 1641 504 1698 etiam
519 1640 685 1698 testimonio
700 1640 852 1717 oppressit.
867 1638 928 1695 Alii
944 1635 1154 1716 philosophum
1167 1636 1262 1711 Egna-

247 1737 324 1795 tium
349 1737 504 1805 Celerem,
520 1730 625 1794 'aneae
650 1733 752 1796 Sorani
776 1735 967 1812 magistrum,
988 1734 1041 1812 qui
1061 1733 1159 1810 ipsum
1182 1729 1262 1808 apud

246 1837 397 1894 Neronem
411 1832 534 1900 detulit,
547 1845 577 1890 et
589 1833 737 1891 damnavit
750 1853 757 1889 :
773 1844 802 1890 et
817 1833 879 1910 ipse
893 1843 993 1909 postea
1004 1831 1059 1889 sub
1070 1829 1264 1908 Vespasiano,

247 1930 307 1990 boc
326 1932 424 2009 ipsum
442 1929 580 1987 Musonio
599 1931 678 1987 Rufo
699 1941 869 1999 accusante,
886 1927 1039 1986 damnatus
1053 1939 1106 1986 est.
1120 1926 1263 1984 Nonnulli

247 2027 431 2086 Demetrium
445 2025 625 2084 causidicum
637 2024 679 2104 (1)
692 2023 809 2097 dicunt,
820 2026 872 2103 qui
885 2024 996 2083 multos
1008 2025 1117 2082 Neroni
1130 2023 1244 2081 detulit.

289 2127 327 2183 V.
342 2127 389 2193 34.
402 2115 505 2182 Ειόιίο
516 2123 678 2201 rapturae]
697 2121 849 2180 Delatione
863 2120 969 2180 Siciliae
982 2123 1137 2179 maximam
1151 2133 1265 2198 partem

245 2221 499 2302 proscripserunt:
512 2221 556 2277 Ex
569 2237 697 2297 quorum
711 2218 796 2277 bouis
810 2218 903 2276 multa
915 2218 1116 2296 deripuerant.
1128 2219 1262 2294 Namque

246 2317 322 2388 hoc,
338 2317 421 2396 quod
438 2329 592 2398 rapturum
611 2315 703 2386 dicit,
721 2315 759 2373 ad
773 2313 976 2399 crudelitatem
991 2314 1088 2372 refert.
1103 2315 1140 2371 Et
1152 2333 1169 2370 a
1182 2312 1262 2390 Sylla

246 2412 336 2472 multi
350 2414 438 2472 occisi
452 2425 520 2471 sunt
533 2423 563 2470 et
574 2411 738 2490 proscripti.

212 2529 216 2539 ’
288 2515 326 2568 V.
343 2509 389 2566 35.
409 2511 501 2581 Quem
521 2510 624 2564 Massa
644 2504 745 2584 timec]
760 2509 854 2564 Massa
876 2508 973 2564 morio
991 2506 1080 2565 firisse
1095 2505 1218 2574 dicitur,
1233 2515 1265 2562 et

249 2610 340 2664 Carus
359 2604 468 2662 mimus
483 2625 490 2659 :
504 2603 625 2682 Latinus
638 2621 726 2672 vero,
742 2615 822 2660 actor
840 2604 987 2661 mimicus.
1005 2604 1042 2660 lli
1056 2621 1157 2660 omnes
1171 2605 1264 2658 Nero-

170 2692 172 2704 ’
248 2702 296 2761 nis
316 2701 438 2758 luerunt
457 2698 576 2769 liberti,
598 2703 627 2756 et
650 2698 758 2758 delitiae
780 2701 947 2778 Augustis:
967 2699 1018 2758 sed
1043 2712 1072 2757 et
1093 2698 1265 2776 nequissimi

249 2797 403 2856 delatores.
418 2795 540 2854 Ladnm
552 2807 652 2852 autem
664 2794 789 2866 mimus,
803 2797 886 2874 quasi
898 2797 1031 2854 conscius
1041 2796 1178 2853 adulterii
1189 2799 1266 2854 Mes-

245 2894 350 2952 salinae
372 2893 472 2950 uxoris
493 2893 636 2965 Neronis,
659 2892 782 2969 abipso
803 2893 916 2950 occisus
934 2897 1104 2952 ustulasses
1122 2905 1220 2950 autem
1234 2903 1266 2950 et

224 3001 227 3008 ’
252 2991 344 3048 Carus
362 2989 523 3048 Heliodoro
539 2989 688 3048 deferente
707 2989 795 3047 oc'cisi
811 3001 879 3046 sunt
886 2990 991 3067 ,cujus
1003 2989 1131 3046 futuram
1145 2988 1267 3047 delatio-

251 3107 321 3145 nem
336 3087 377 3144 ita
392 3087 578 3158 metuebant,
590 3097 626 3142 ut
639 3069 666 3142 ei
677 3073 798 3144 munera
811 3085 923 3144 darent.
937 3090 1011 3144 Nam
1022 3087 1142 3144 Latinus
1155 3085 1267 3144 mimus

251 3183 425 3260 Thymelem
439 3184 559 3242 mimam
573 3182 772 3240 summittebat
785 3182 822 3240 ad
836 3183 1039 3260 mitigandum.

264 3287 268 3300 ¹
291 3285 329 3338 V.
343 3279 544 3357 l3.{Palleot.]
566 3278 661 3341 Nimia
674 3278 768 3338 coitis
780 3278 904 3337 libidine
920 3280 1072 3358 fatigatus,
1083 3291 1134 3339 aut
1145 3299 1265 3360 exspec-

251 3377 362 3436 tatione
376 3375 560 3445 hereditatis,
572 3385 623 3432 aut
635 3375 722 3452 pretii
734 3375 880 3434 adulterii.

263 3476 327 3530 V.
348 3481 394 3545 47.
411 3473 504 3528 Inani
514 3472 637 3528 Iudicia
645 3477 654 3541 ]
673 3475 741 3529 Non
760 3471 904 3550 ademptis
920 3471 1262 3550 bonis:necrus()d1

251 3570 344 3638 citur,
358 3567 528 3626 sinclitium
541 3566 740 3626 aestimatione.
752 3565 838 3647 Legis
851 3569 1001 3627 aestimatio
1009 3569 1055 3626 illi
1063 3589 1123 3626 nou
1131 3569 1261 3647 profuit:

251 3662 427 3730 subauditur
438 3676 518 3722 nota.

290 3765 328 3818 V.
340 3767 388 3835 49.
401 3762 446 3816 Ab
460 3773 570 3816 actosa.
572 3759 591 3838 ]
598 3762 658 3834 Qui
668 3761 782 3840 judicio
793 3762 949 3835 vacabant,
961 3762 1074 3872 decima
1084 3761 1155 3822 bora
1165 3781 1262 3821 coena-

250 3859 339 3919 bant.¹
336 3858 401 3914 ³Hie
414 3856 492 3916 euim
506 3857 543 3914 ab
556 3870 664 3916 octava.

289 3962 326 4018 V.
337 3956 383 4019 51
400 3959 545 4017 Venusina
556 3959 644 4036 digna
657 3961 782 4019 lucerna.
790 3959 972 4041 ]Lucemam
983 3959 1068 4034 dicit,
1077 3961 1145 4038 quia
1155 3956 1262 4018 satirici
