2818 4654
407 330 475 398 DE
505 327 787 400 JUVENALE.
1058 357 1102 426 29

104 459 168 530 ἐφίλιι
176 463 217 516 τὸν
228 464 334 536 &uxoria
348 468 464 536 πρασίνου
476 468 578 538 pipere,
591 469 632 522 ria
645 471 774 540 λιγὸμινον
786 467 878 539 Πάριν,
890 467 945 540 περὶ
957 463 983 524 ri
992 469 1034 524 aa!
1045 473 1104 524 ἰλοι·

103 551 190 628 tapeto
205 561 253 615 ὑπὸ
269 563 314 622 τῆς
329 563 486 634 larmirus,
499 564 543 618 καὶ
557 562 710 619 ΙουΕιναλίου
727 569 770 617 τοῦ
787 571 900 621 ποιητοῦ.
915 556 974 627 Ort:
990 567 1105 632 βασιλεὺς

103 653 191 726 ἐξώρισε
206 659 247 710 τὸν
264 655 413 712 toriniano
435 663 458 714 ia
476 663 631 715 Πενταπολιι
654 663 694 716 tet
714 663 758 720 τὴν
776 660 883 721 Arcto,
898 665 939 716 ris
956 659 985 716 tii
1001 665 1106 734 ὄρχηςήν

101 753 242 817 πλουτίσας,
257 754 367 825 intuiti
379 755 412 816 rie
426 757 586 825 Αντιάχιιαν,
602 759 627 819 ὃς
644 759 732 820 κτίσας
751 754 813 812 irio
831 761 873 811 mi
891 760 986 830 λουτρὸν
1002 761 1045 828 [ξω
1060 765 1106 822 τῆς

102 848 196 910 mitat,
206 833 649 928 intratura.nanciscantur,
658 854 1110 934 quoadPentapolin‚quoeeailii

102 946 172 1002 Iocus
183 949 209 1003 Ι
207 949 322 1002 iuvenali
319 948 415 1022 fuen't
419 992 429 1018 ,
443 969 496 1006 nec
507 970 564 1008 non
576 952 693 1008 abermt
703 953 733 1006 in
743 952 860 1008 Ponitis
871 955 934 1008 loco
941 955 1103 1010 emomtulr‘.

102 1042 244 1098 Hactenus
257 1057 354 1100 autem
359 1046 448 1119 fuere
456 1058 586 1118 veteres,
600 1050 676 1104 inter
687 1065 758 1122 quos
766 1047 901 1118 Servius,
912 1052 1008 1117 Acro,
1019 1047 1108 1106 Saris-

102 1134 235 1196 heriensis
245 1140 313 1217 (qui
323 1153 458 1200 nostrum
468 1143 527 1200 iere
539 1143 670 1198 Ethicum
684 1143 768 1208 ἁπλῶς
780 1149 890 1215 vocat),
901 1146 1008 1220 altique
1020 1147 1108 1202 Juve-

101 1237 168 1291 nalis
182 1239 250 1292 loca
269 1251 350 1312 soepe
368 1240 509 1309 laudant,
524 1240 579 1294 sed
596 1240 648 1295 illa
666 1227 796 1297 innotis
817 1241 998 1316 asseruntur,
1017 1259 1108 1316 quare

101 1333 252 1389 omittenda
266 1334 412 1392 duximus.
427 1337 465 1392 H.

438 1477 757 1538 RECENTIORES.

134 1627 213 1682 Jor..
239 1627 335 1684 Cius.
358 1627 560 1697 Seruiana,
580 1629 687 1684 Poetis.
713 1630 770 1697 VI,
787 1627 826 1684 6.-
843 1627 989 1684 Juvenalis
1006 1641 1107 1686 autem

99 1720 256 1790 candidus,
269 1741 302 1778 ac
316 1721 469 1780 satirorum
484 1722 569 1781 facile
583 1723 734 1801 princeps:
748 1742 815 1780 nam
830 1725 893 1802 ejus
905 1742 1004 1780 versus
1018 1723 1107 1802 longe

99 1815 245 1888 meliores,
258 1813 347 1896 quam
356 1818 523 1890 Horatium,
536 1819 684 1883 sententiae
694 1819 818 1876 acriores
829 1843 836 1874 :
848 1818 960 1896 phrasis
969 1820 1106 1897 apertior.

132 1934 248 2002 Ionia,
263 1934 371 1989 Poe‘tic.
387 1935 430 1989 VI
436 1977 446 2004 ‚
464 1955 498 2007 7:
511 1937 577 1992 Non
591 1947 634 1992 est
648 1954 664 1991 a
679 1934 771 1992 satiris
784 1932 985 1991 excludendus
998 1946 1109 1994 temere

97 2028 262 2086 iuvenalis:
280 2028 332 2085 sed
352 2049 420 2086 eum
440 2042 520 2087 tanto
540 2043 716 2110 anteponere
736 2030 820 2088 decet
838 2030 979 2100 Horatio,
996 2042 1109 2108 quanto

95 2123 202 2182 melior
214 2125 355 2181 Horatius
369 2125 482 2182 Lucilio
493 2126 650 2204 judicatur.
664 2127 801 2202 sineque
814 2138 1052 2202 argumentorum
1060 2147 1108 2184 va-

93 2219 199 2275 rietate
212 2237 264 2294 par
278 2230 322 2274 est
334 2217 378 2274 illi
389 2220 543 2288 Horatius,
555 2241 651 2296 neque
663 2220 832 2296 dexteritate
845 2220 1000 2290 tractandi,
1012 2240 1108 2298 neque

91 2313 232 2371 ubertate
254 2313 454 2385 inventionis,
474 2333 577 2392 neque,
592 2313 744 2372 'crebritate
769 2315 993 2387 sententiarum,
1013 2299 1110 2400 neque

94 2409 257 2468 acrimonia
275 2407 525 2488 reprehensionis,
538 2429 634 2488 neque
653 2410 788 2468 acumine
809 2409 944 2482 dicendi,
958 2431 1053 2490 neque
1070 2413 1110 2470 fa·

93 2506 194 2578 retiis,
213 2518 265 2562 aut
283 2505 447 2563 urbanitate
466 2527 473 2560 :
495 2507 617 2564 istorum
642 2506 810 2564 criticorum
829 2505 876 2564 vel
896 2507 1047 2586 ineptum,
1061 2509 1108 2566 vel

77 2601 80 2621 '
95 2601 276 2680 malignum,
288 2602 335 2659 vel
346 2602 498 2662 factiosum
508 2599 659 2682 judicium
667 2600 912 2680 deprehendetur.

134 2720 252 2788 Inna,
271 2719 378 2774 Poetic.
400 2721 472 2786 ΙΙΙ,
489 2717 526 2793 98
543 2739 552 2772 .·
573 2715 721 2774 iuvenalis
739 2716 837 2786 ardet,
851 2717 958 2787 instat,
972 2719 1108 2797 jugulat,

96 2813 209 2871 Persius
223 2811 361 2884 insultat,
375 2814 512 2871 Horatius
521 2810 634 2871 irridet.

131 2932 149 2985 J
156 2949 198 2985 ns
207 2946 278 2984 rus
291 2931 422 2985 ersnr
431 2947 460 2997 s,
472 2929 561 3002 Epist.
576 2930 685 3000 Quoest.
699 2929 754 2996 IV,
765 2947 800 3003 9:
810 2927 981 2988 Juvenalem
991 2931 1108 3007 poitam

96 3024 273 3102 aScaligero
287 3033 368 3100 patre
386 3023 416 3080 in
435 3024 519 3080 satira
541 3023 731 3101 praepositum
750 3023 889 3094 Horatio,
903 3023 984 3094 vidi,
1000 3025 1052 3102 qui
1065 3025 1109 3084 in-

97 3119 298 3199 dignarentur.
311 3125 352 3178 Ar
364 3120 431 3192 ille,
446 3141 494 3178 me
509 3120 626 3199 judice,
640 3121 716 3178 inter
728 3119 820 3177 multa
835 3121 905 3178 certi
924 3134 953 3179 et
969 3121 1107 3200 elegantis

94 3219 213 3296 judicii,
230 3216 307 3276 nihil
322 3218 417 3276 verius
437 3218 604 3296 protulit...
618 3219 713 3274 Paulo
721 3231 790 3293 post
801 3239 811 3274 :
826 3221 870 3275 De
885 3217 1025 3276 iuvenale
1040 3239 1107 3278 vere

93 3315 212 3394 judicat.
225 3313 358 3384 Amore,
371 3314 545 3386 altitudine,
558 3313 711 3385 libertate,
725 3313 757 3371 id
771 3325 831 3385 est,
845 3333 899 3372 suo
913 3299 1043 3392 quodam
1056 3335 1108 3394 ge·
1141 3307 1145 3316 ’

95 3429 161 3469 nere
173 3430 266 3490 supra
274 3411 426 3469 Horatium
437 3423 497 3468 est:
510 3410 594 3490 quod
604 3411 702 3490 ipsam
713 3410 838 3468 maxime
851 3411 943 3468 satirae
955 3412 1108 3491 proprium

96 3506 220 3566 videtur.
236 3507 341 3584 Tangit
353 3507 440 3578 vitia,
455 3509 610 3586 objurgat,
624 3505 761 3564 inclamat
776 3528 783 3562 :
802 3525 868 3565 raro
884 3510 987 3586 jocos,
1002 3510 1108 3587 saepius
1140 3515 1144 3525 ‘

94 3605 213 3664 acerbos
222 3603 424 3678 salesmisoet,
434 3623 500 3682 quae
510 3605 608 3664 omnia
616 3602 647 3662 in
655 3604 776 3662 Horatio
785 3616 895 3674 contra,
903 3605 955 3682 qui
964 3603 1108 3682 placidus,

96 3697 185 3772 lenis,
197 3702 338 3782 quietus,
346 3713 447 3760 monet
460 3703 583 3780 saepius,
599 3703 690 3780 quim
705 3702 834 3780 castigat.
851 3701 908 3760 Sed
921 3702 960 3759 ita
972 3703 1108 3780 praeclare

96 3809 192 3858 tamen
203 3797 262 3856 hoo
272 3798 388 3877 ipsum:
403 3798 478 3856 utin
490 3818 523 3856 ea
535 3811 616 3878 parte
629 3811 659 3858 et
668 3791 730 3858 arte
741 3797 815 3856 nihil
827 3799 918 3876 possit
929 3817 1015 3876 supra
1027 3819 1105 3856 eum.

141 3897 261 3968 Inar,
279 3897 369 3972 Epist.
395 3897 506 3979 Quart.
532 3899 582 3953 IV
585 3905 599 3969 ,’
620 3897 655 3960 ιδ
674 3918 689 3982 .·,
706 3895 796 3981 Quod
816 3894 985 3957 iuvenalem
1004 3893 1108 3968 doces,
1139 3899 1142 3904 '
