2922 4672
262 381 310 449 90
414 362 524 426 DEI

300 903 321 960 n
334 919 467 961 mumma

266 983 411 1034 omnent.

304 1779 325 1834 li
334 1786 389 1862 cod.
396 1777 530 1834 Alexandr.

306 2357 326 2406 E
339 2370 473 2407 comment.

272 2430 383 2479 Gonnoi.

276 2666 278 2672 '
306 2656 454 2704 Evocabnl.
467 2655 499 2704 ad

271 2722 424 2777 iuvenalem.

308 3046 328 3092 E
341 3043 395 3092 cod.
407 3041 524 3090 Fanchet.

310 3343 330 3390 E
339 3341 394 3389 cod.
401 3340 536 3389 Alexandr.

310 3627 330 3672 E
342 3625 455 3672 vocabul.
466 3595 499 3672 ad

272 3691 425 3745 iuvenalem.

533 361 577 428 ts
606 365 700 450 Qut
732 363 788 434 tu
811 363 1116 435 Jnvnuannu

544 489 658 548 oculus.
669 495 814 550 -Solcrs
832 496 922 552 massi
940 497 1060 570 Ulysses.
1080 495 1138 567 Qui
1158 489 1286 578 solenti&

542 585 611 658 sui,
623 587 731 648 effosso
745 590 850 662 oculo,
865 591 955 650 evasit
965 611 984 650 e
996 591 1132 650 inanibus
1146 594 1219 672 ejus.

690 758 769 816 San.
800 760 839 816 X.

584 905 619 962 V.
645 902 692 962 tu.
715 903 782 962 Pan
805 920 834 962 et
859 906 1036 985 Uticenses]
1055 903 1224 984 Lupercalia
1247 919 1280 965 et

543 1001 913 1059 Circenses-Circenses.
939 999 1017 1060 Ludi
1043 1014 1144 1073 etant,
1167 1002 1219 1080 qni
1237 1003 1279 1061 ad

543 1098 620 1176 ripas
629 1094 758 1156 fluminis
766 1095 830 1157 fieri
839 1097 980 1157 solebant.
991 1098 1059 1158 Erat
1066 1112 1165 1157 autem
1174 1099 1279 1157 curule

545 1208 710 1254 certamen:
726 1215 810 1268 nam,
827 1215 896 1253 cum
916 1195 1091 1274 agitarentur
1107 1215 1227 1265 currus,
1240 1183 1279 1254 ex

544 1303 604 1348 una
617 1301 698 1368 parte
712 1289 818 1349 fluvius
838 1305 916 1362 erat,
932 1311 968 1349 ex
985 1291 1073 1349 altera
1086 1311 1156 1350 vero
1169 1309 1279 1350 corona

546 1389 754 1466 spectantium,
768 1390 819 1466 qui
839 1389 952 1447 strictos
967 1387 1078 1468 gladios
1094 1390 1125 1447 in
1143 1389 1280 1448 manibus

545 1482 707 1554 habehant,
722 1495 756 1542 ut
776 1486 800 1542 si
817 1477 883 1563 quis
902 1486 970 1544 inde
989 1485 1110 1544 evadere
1123 1485 1280 1555 voluisset,

547 1593 607 1638 non
626 1593 733 1656 posset.
756 1580 843 1664 Unde
866 1595 896 1640 et
922 1566 1069 1639 Ctiuenses
1084 1603 1102 1640 a
1123 1601 1230 1642 cotona
1249 1594 1281 1640 et

548 1675 671 1734 circuitu
686 1675 841 1735 hominum
852 1678 927 1735 'dicti
941 1690 1018 1735 sunt.

587 1776 624 1831 V.
636 1773 685 1832 83.
695 1772 868 1854 Bruttidius]
881 1773 1003 1833 Amicus
1013 1774 1069 1832 fuit
1080 1776 1184 1856 Sejani.
1194 1774 1285 1858 Unde¹

548 1869 637 1928 simul
650 1890 717 1928 cum
734 1863 787 1928 illo
799 1871 899 1951 jussus
913 1883 956 1929 est
970 1863 1105 1929 interfici.
1120 1874 1171 1930 Est
1183 1884 1283 1930 autem

548 1983 605 2025 vox
622 1965 746 2047 populi:
763 1965 904 2037 occurrit,
920 1959 1033 2046 inquit,
1046 1967 1119 2026 mihi
1134 1967 1284 2026 Brutidius

549 2057 618 2122 ciun
627 2063 784 2122 duceretur
791 2063 829 2121 ad
837 2077 963 2122 mortem
975 2078 1029 2143 pto
1039 2084 1074 2122 eo
1083 2061 1165 2142 quo'd
1171 2064 1285 2133 amicus

550 2174 610 2218 erat
623 2161 727 2240 Sejani.
743 2161 853 2219 Tamen
865 2181 934 2239 ergo
949 2160 1154 2218 conculcemus
1169 2160 1284 2219 hostem

550 2257 683 2330 Caesaris,
697 2279 735 2316 ne
749 2257 851 2316 eadem
864 2257 1015 2318 occasione
1029 2276 1083 2315 nos
1094 2257 1257 2316 interficiat.

590 2355 627 2413 V.
648 2355 765 2424 84.·Ne
778 2373 889 2431 poenas
910 2357 1010 2430 exigat
1026 2355 1138 2432 Ajax.]
1157 2359 1200 2414 Ne
1223 2355 1286 2434 ipae

551 2464 643 2511 semet
661 2450 829 2521 interficiat,
844 2463 963 2530 propter
983 2450 1064 2508 illam
1084 2471 1162 2510 aram
1179 2451 1285 2510 timens

550 2547 626 2606 hanc
640 2560 765 2605 mortem
778 2543 951 2623 quemfecit
967 2547 1097 2626 Sejanus.
1296 2619 1298 2628 Ι

590 2642 627 2700 V.
645 2640 710 2712 134.
723 2643 769 2700 De
779 2643 893 2706 casside
908 2643 1027 2700 buccula
1032 2643 1195 2723 pendens]
1206 2646 1285 2702 Buc-

552 2731 619 2797 cula
640 2735 757 2796 cassidis
777 2752 821 2794 cst
836 2740 867 2794 la
886 2723 1053 2796 bouche'du
1071 2760 1192 2816 casque,
1209 2743 1286 2797 l’ou-

554 2848 660 2892 vertute
666 2856 732 2912 par
743 2835 780 2891 od
795 2835 854 2892 l'on
861 2837 963 2912 prend
977 2839 1007 2892 la
1021 2838 1189 2912 respiration
1203 2839 1240 2892 de
1255 2840 1287 2892 la

553 2927 672 2989 bouchu.
717 2978 722 2988 .

592 3028 630 3086 V.
657 3050 722 3104 17²·
748 3029 830 3088 Mors
851 3033 915 3087 sola
932 3031 1076 3108 soletum]
1097 3019 1288 3088 Proverbium

553 3125 694 3183 memoria
702 3125 835 3204 dignum.
845 3130 925 3183 Mors
933 3145 1000 3183 vere
1010 3126 1203 3197 demonstrat,
1215 3125 1288 3204 quid

554 3224 611 3281 sint
623 3222 779 3280 hominum
793 3241 925 3300 corpora.

594 3323 630 3377 V.
656 3319 723 3376 208.
747 3315 886 3394 Suspecta
909 3315 997 3373 libido
1018 3319 1088 3397 est]
1106 3318 1185 3376 Dicit
1206 3335 1289 3375 senes

554 3416 629 3474 velle
640 3415 777 3494 quidem,
788 3412 909 3472 sednon
920 3431 1004 3491 posse
1016 3416 1095 3473 coire
1105 3459 1111 3469 .
1122 3435 1190 3472 nam
1201 3415 1288 3471 etiam

554 3514 586 3570 in
599 3512 718 3570 senibus
731 3509 865 3589 voluptas
880 3523 940 3581 est,
955 3510 1006 3568 sed
1019 3512 1111 3570 virtus
1125 3510 1215 3568 deest.

594 3607 632 3667 V.
653 3617 720 3686 249.
739 3612 836 3684 Atque
855 3627 921 3664 suos
934 3607 1002 3679 jam
1021 3610 1124 3664 dextra
1143 3619 1291 3682 computat

556 3703 681 3782 annos]
697 3706 757 3779 Qui
772 3703 859 3780 aptes
878 3706 960 3760 avoir
976 3709 1091 3780 compte
1107 3717 1173 3759 cent
1185 3723 1240 3759 ans
1254 3703 1292 3757 dc

555 3823 608 3859 son
628 3800 683 3876 <ige
701 3821 753 3856 sur
772 3797 813 3856 les
835 3801 927 3877 doigts
948 3801 985 3856 dc
1007 3820 1041 3856 sa
1063 3801 1143 3856 main
1160 3798 1288 3874 gauche,

556 3901 639 3972 vingt
647 3917 697 3953 sur
706 3895 817 3974 chaque
828 3899 922 3973 dot'gt‚
934 3898 1017 3954 vient
1030 3897 1050 3952 ὰ
1065 3909 1250 3972 eotnptcrsur
1259 3896 1291 3949 la

547 3993 658 4049 diuite.
705 3997 709 4002 “
