2924 4662
303 303 368 388 304
509 309 656 378 verr.
682 309 1077 404 commetiuntur

340 438 377 491 V.
395 433 459 492 135.
473 439 547 494 Hoec
560 439 717 516 exempla]
734 438 902 516 Respondet
914 436 1060 496 Naevolus.
1095 421 1104 440 ’
1201 482 1208 494 .

341 535 378 588 V.
395 533 461 589 136.
475 535 508 590 Si
510 537 644 608 pascitur
655 538 769 610 inguine
780 534 899 612 senten]
913 539 1014 612 Usque
1027 531 1101 590 adeo
1112 528 1212 589 infelix
1225 549 1312 602 sum,

301 626 393 686 utrix
402 627 544 686 industria
554 630 681 708 inguinis
690 630 728 688 ad
739 630 850 689 victum
863 630 997 688 sufficiat.
1376 715 1378 720 Α

341 725 378 778 V.
398 723 462 795 137.
482 725 574 780 Thure
587 725 715 803 eunuco]
729 723 810 784 Thus
829 726 976 783 minutum
994 742 1130 782 mannam
1141 733 1265 780 vocant:
1280 733 1311 778 et

300 815 333 874 in
345 816 484 878 invidiam
495 822 626 880 Deorum
636 822 807 891 Penatium,
822 822 935 880 minuto
948 819 1029 879 dicit.

304 949 309 958 ·
339 916 377 971 V.
395 915 460 972 138.
475 919 606 974 Exorare
618 918 745 995 comm]
761 917 795 974 ld
811 929 871 988 est,
884 928 1040 974 coronatus
1053 913 1174 973 lloribus
1187 914 1308 992 precari.

339 1012 377 1066 V.
395 1011 459 1086 139.
477 1015 603 1087 Quando
619 1033 670 1088 ego
682 1015 779 1088 figam
799 1013 881 1091 aliu]
901 1013 1100 1080 Constituam‚
1114 1007 1308 1088 componam,

252 1106 256 1113 '
300 1102 423 1164 habeam
434 1128 441 1162 ε
454 1120 506 1166 aut
516 1121 593 1166 certe
605 1110 674 1187 quia
686 1109 717 1167 in
732 1110 805 1167 ceris
814 1122 881 1168 vota
892 1109 1022 1186 figuntur
1031 1107 1110 1186 apud
1123 1104 1244 1186 templa:
1256 1118 1309 1164 aut

299 1198 422 1260 habeam
431 1203 485 1261 ubi
496 1224 644 1276 maneam,
654 1217 706 1262 aut
719 1225 806 1284 supra
821 1206 901 1284 quod
916 1203 1083 1262 incumbam
1096 1221 1192 1260 senex.
1226 1249 1229 1255 .

277 1283 280 1290 Δ
339 1301 374 1355 V.
393 1308 457 1368 140.
472 1304 501 1356 A
514 1300 623 1378 tegete]
639 1305 709 1358 Casa
723 1301 867 1382 mendici:
882 1322 899 1359 a
913 1299 1106 1358 mendicitate.

340 1393 416 1450 Ibid.
436 1397 542 1470 Vzgu'rrtz'
552 1397 665 1474 millia]
681 1399 785 1466 Deest,
799 1409 834 1453 ut
848 1397 914 1454 sint.

334 1489 376 1543 V.
395 1496 459 1556 ita.
476 1491 536 1547 Sed
547 1512 614 1566 quae
631 1491 800 1570 Fabricius]
816 1492 886 1550 Plus
905 1490 960 1548 sibi
977 1489 1080 1547 decem
1098 1487 1180 1546 libris
1196 1491 1308 1566 argenti

298 1583 383 1662 petit.
397 1584 546 1642 Fabricius
561 1590 670 1644 Censor
684 1587 825 1666 collegam
841 1605 927 1644 suum
940 1586 1050 1644 notavit
1060 1585 1091 1641 in
1105 1597 1222 1655 senatu,
1237 1579 1305 1664 quii

298 1698 386 1757 supra
399 1679 500 1737 decem
514 1680 601 1738 libras
615 1683 725 1760 argenti
737 1703 825 1740 unam
836 1681 963 1760 phialam
982 1681 1101 1738 invenit.
1115 1684 1208 1738 Antea
1223 1682 1302 1738 enim

297 1793 359 1832 non
375 1773 485 1832 licebat
493 1787 653 1836 senatorem
666 1778 734 1856 plus
746 1777 863 1836 habere.

337 1869 412 1927 Ibid.
432 1874 470 1928 Et
486 1873 543 1928 duo
555 1874 678 1952 sortes]
696 1875 868 1932 lecticarios
886 1875 944 1945 ait,
964 1892 1091 1953 quorum
1111 1871 1219 1928 laturus
1236 1871 1304 1948 (ro)

297 1963 410 2036 locem,
425 1980 454 2025 et
468 1987 586 2025 securus
600 1969 748 2028 Circenses
761 1983 934 2049 exspectem.

336 2063 374 2118 V.
392 2061 455 2130 145.
476 2064 580 2120 Curvus
594 2069 727 2136 caelator,
744 2078 774 2122 et
784 2070 859 2122 alter
870 2066 938 2143 qui]
951 2063 986 2122 ld
1002 2077 1061 2135 est,
1078 2064 1211 2143 opifices,
1227 2063 1301 2120 servi

297 2158 466 2234 argentarii,
478 2157 632 2232 laboriosi,
646 2161 853 2240 anaglypharii.

335 2255 372 2309 V.
389 2235 454 2324 146⁴.
469 2256 543 2331 Suff.
557 2257 644 2336 haee]
658 2257 776 2328 Plastae,
789 2258 972 2335 archetypus.

336 2351 372 2405 V.
395 2347 458 2425 i47.
478 2354 605 2425 Quando
623 2375 674 2428 ego
685 2377 722 2430 p.
746 2355 815 2433 ero]
836 2359 908 2413 Mon
927 2355 994 2413 dico
1015 2353 1110 2423 dives,
1124 2364 1153 2410 at
1168 2345 1297 2434 pauper,

296 2444 407 2522 inquit,
417 2446 536 2523 quando
546 2467 596 2505 ero
606 2450 618 2506 i'
629 2452 703 2506 Nam
713 2449 803 2508 modo
814 2469 868 2508 nec
880 2470 991 2528 pauper
1001 2468 1080 2518 sum:
1091 2459 1126 2505 ut
1134 2447 1297 2505 Terentius:
1381 2493 1385 2496 .

296 2542 377 2598 Nam
391 2541 465 2596 meisi
476 2541 549 2597 nihil
562 2563 622 2600 esse
628 2585 639 2614 ,
654 2547 752 2619 religio
766 2559 810 2601 est
823 2547 925 2602 dicere.

335 2638 371 2690 V.
381 2643 453 2785 pop.
469 2637 576 2710 Affiaed
586 2637 688 2716 cerae]
701 2639 748 2696 Ad
760 2639 918 2710 auriculas,
931 2640 962 2698 id
975 2651 1035 2711 est,
1050 2637 1137 2696 surde
1150 2649 1201 2696 est.

334 2727 380 2787 Ibi
403 2772 410 2785 .
425 2733 484 2787 Illa
499 2733 535 2787 de
548 2733 640 2812 nave]
655 2734 777 2812 Ulyais,
793 2748 828 2794 ut
843 2737 1009 2796 Sirenarum
1024 2735 1187 2814 periculum
1201 2743 1298 2812 posset

296 2823 424 2883 evadere.

700 2970 886 2990 mmmm

515 3113 565 3168 IN
590 3115 806 3170 SATIRAM
831 3115 1068 3174 DECIMAM.

608 3275 645 3308 D!
662 3275 753 3310 VG'HS
770 3277 974 3313 GOMMRHS.

277 3459 281 3466 Ι
320 3398 356 3452 V.
369 3395 844 3474 1.0mnibusinterris,quoesunta
854 3403 1295 3483 Gad.usque.]Tpo'eoemeridiari,
1400 3405 1410 3420 ’

293 3509 311 3546 a
328 3503 407 3566 parte
428 3501 533 3548 toturn.
554 3495 627 3548 Nam
646 3491 915 3555 cirmoccidentem
934 3510 963 3555 et
981 3498 1121 3556 orientem
1137 3497 1297 3576 significare

293 3583 397 3656 vellet,
410 3586 509 3645 locum
519 3589 630 3665 posuit,
643 3590 737 3648 Gades
750 3593 860 3652 scilicet
873 3606 902 3651 et
914 3597 1062 3672 Gangem,
1077 3593 1202 3652 breviter
1212 3613 1298 3652 com-

263 3733 266 3739 .
292 3682 396 3760 plexus
415 3682 524 3741 orbem.
542 3688 616 3744 Nam
634 3687 729 3744 Gades
750 3703 818 3746 sunt
837 3690 867 3746 in
882 3689 1028 3771 Atlantico
1043 3691 1134 3760 mari,
1148 3691 1297 3770 Hispaniae

235 3805 244 3844 s
292 3780 447 3858 proxime,
461 3781 513 3840 ubi
535 3801 565 3839 se
585 3785 787 3862 angustissimo
808 3787 932 3845 divortio
952 3788 1028 3848 inter
1048 3789 1199 3850 columnas
1214 3790 1296 3852 Her-

186 3919 189 3928 .
293 3874 366 3934 culis
379 3877 410 3936 in
422 3878 646 3942 Mediterraneos
660 3882 739 3945 sinus
751 3887 883 3945 Oceanus
896 3885 1031 3946 infundit.
