2922 4672
196 387 1209 429 Q

290 520 633 586 „AMPLISSIMO
653 519 1094 606 -DOCTISSIMOQUE
1125 579 1127 582 .

616 682 783 766 DOllleO

173 771 1206 950 osorrluutalusoareuouro,

405 1057 573 1113 COMITI
596 1056 999 1126 cousls'rORtANQ

244 1237 442 1302 CAROLUS
460 1236 670 1302 VALESIUS
690 1238 909 1306 HADRIANI
927 1239 1008 1304 FIL.
1024 1241 1055 1305 S.
1071 1239 1105 1304 P.
1121 1241 1159 1305 D,
1207 1307 1211 1315 ,

609 1417 790 1432 m

205 1527 363 1630 Oiasso
381 1569 452 1640 tibi,
467 1590 529 1628 aaa
547 1587 775 1654 sucaranae,
789 1571 928 1630 carissimi
946 1568 1019 1628 dam
1032 1571 1106 1629 vixit
1120 1573 1209 1650 patris

141 1715 150 1736 ,
201 1665 355 1724 meinotas
369 1667 533 1753 indusium
551 1665 730 1724 iuvenalem.
753 1669 811 1724 Has
831 1679 897 1724 ante
914 1687 1006 1726 annos
1019 1667 1209 1746 quadraginti

202 1773 405 1840 composuerat
423 1773 522 1839 pater,
537 1773 715 1838 vocatusque
735 1761 772 1818 ad
792 1763 917 1840 majora,
932 1761 980 1820 vix
1000 1763 1120 1820 dimidia
1139 1764 1209 1820 sati-

201 1877 297 1916 rarum
304 1870 385 1936 parte
394 1857 563 1928 dilucidata,
572 1858 713 1917 infectum
724 1875 799 1936 opus
808 1858 974 1936 reliquerat.
985 1859 1064 1930 Quid
1073 1872 1103 1916 et
1111 1872 1211 1938 postea
1308 1931 1311 1936 1

200 1953 290 2012 nullis
306 1973 438 2032 unquam
456 1955 619 2016 amicorum
638 1973 758 2014 suorum
777 1955 912 2033 precibus
929 1955 1027 2034 potuit
1039 1955 1162 2026 adduci,
1177 1969 1211 2014 ut

201 2051 277 2116 illud
289 2063 452 2130 peragerem
465 2051 605 2110 nimirum
616 2051 771 2129 exiguitate
782 2050 998 2122 characterum,
1011 2071 1086 2130 quos
1093 2053 1211 2131 juvenis

200 2149 366 2226 raptimque
386 2147 596 2219 delinearerat,
610 2147 702 2206 aciem
722 2147 876 2206 octdorum
895 2147 1048 2206 eludentes
1065 2167 1130 2226 quaa
1151 2149 1212 2206 sola

144 2299 145 2306 ,
163 2315 165 2322 Ι
201 2262 248 2300 res
262 2243 290 2300 ei
302 2244 332 2300 in
345 2263 430 2303 causa
443 2244 515 2314 suit,
530 2255 565 2302 ut
584 2244 768 2320 desperatum
778 2261 861 2321 »opus
873 2254 1000 2310 restaret.
1016 2247 1143 2314 Verum,
1158 2243 1212 2302 ubi

145 2359 149 2382 ι
203 2337 484 2404 nominatissimo
502 2359 549 2398 ma
568 2351 649 2417 patre
666 2339 793 2410 orbarit,
808 2357 904 2416 operae
921 2337 1048 2416 pretium
1066 2339 1212 2398 facturum

201 2455 252 2494 me
265 2450 327 2496 este
339 2436 515 2506 existimavi,
529 2435 552 2492 si
566 2447 649 2494 notas
662 2435 727 2494 illas
740 2455 759 2492 e
774 2435 901 2508 tenebris
914 2454 1056 2494 eruerem.
1073 2439 1211 2494 Deterre-

201 2531 273 2595 haut
286 2553 333 2592 me
350 2531 464 2594 schedae
481 2532 682 2592 minutissimis
695 2552 736 2592 ,ac
756 2533 819 2590 sere
837 2532 940 2592 deletis
955 2532 1059 2590 haeris
1072 2545 1211 2602 exaratae,

140 2683 145 2692 ,
201 2628 335 2706 nullique
345 2648 477 2707 unquam
486 2629 536 2688 alii
546 2626 719 2706 quammihi
732 2626 862 2708 legendae
873 2651 880 2686 ι
893 2630 963 2688 vicit
973 2642 1070 2690 tamen
1081 2629 1212 2690 discendi

201 2719 363 2804 cupiditas3
376 2726 458 2804 quod
471 2726 601 2784 multum
614 2725 805 2804 exoptabam,
819 2727 902 2786 facile
916 2725 1004 2797 duxi3
1020 2747 1073 2785 nec
1087 2747 1151 2786 mea
1165 2747 1212 2786 me

202 2843 268 2902 spes
280 2823 391 2882 fefellit.
402 2828 487 2902 Opus
497 2843 648 2904 aggressus
658 2825 733 2884 intra
747 2825 849 2884 decem
862 2843 976 2884 menses
989 2839 1140 2884 noncerte
1151 2827 1212 2884 sine
1266 2833 1270 2842 '

200 2921 300 2979 labore
314 2921 413 3000 aliquo
426 2923 535 3001 peregi.
549 2925 603 2980 Ast
616 2923 669 2980 ubi
680 2922 811 3000 comperi
823 2922 950 3000 plurima
962 2921 1064 2980 adhuc·
1073 2924 1110 2982 ad
1124 2923 1214 2982 inter-
1274 2967 1276 2978 .

200 3020 393 3096 pretationem
403 3020 550 3098 luvenalis
559 3019 729 3090 desiderari,
738 3039 805 3097 qaae
816 3037 875 3078 uon
886 3019 1047 3076 ondssurus
1056 3015 1112 3078 luit
1120 3032 1211 3098 pater,

200 3114 226 3172 ei
235 3115 273 3172 ad
284 3115 395 3174 exitum
407 3135 482 3192 opus
494 3115 696 3194 perduxisset,
706 3115 744 3172 ad
755 3115 950 3198 equoleanda,
964 3132 1030 3192 quas
1044 3129 1215 3194 supererant

137 3259 142 3268 .
173 3285 175 3290 Α
201 3211 234 3272 iu
246 3211 339 3270 satiris
352 3212 490 3270 omnibus
503 3233 564 3270 non
579 3231 690 3292 pauca,
702 3231 750 3270 me
764 3212 894 3270 contulit
907 3211 989 3290 quod
1003 3213 1124 3289 quidem
1137 3213 1214 3270 doc·

201 3295 300 3382 torum
313 3308 441 3365 virorum
451 3308 564 3388 judicio
575 3307 654 3366 haud
665 3307 829 3366 inconsulte
841 3308 958 3386 perfeci.
970 3309 1087 3385 Quippe
1101 3321 1214 3385 patrem

202 3395 424 3482 meumquanta
440 3405 524 3482 potui
543 3405 692 3482 diligentia
714 3404 858 3475 imitatus,
872 3404 966 3462 facilia
985 3404 1135 3462 satirarum
1147 3397 1215 3464 loca

202 3513 253 3558 aut
262 3501 423 3560 omittenda
432 3513 484 3560 aut
492 3501 593 3559 leviter
606 3501 825 3579 perstringenda
838 3519 899 3558 esse
912 3501 1031 3572 censui,
1045 3485 1214 3559 obscuriora

202 3617 272 3656 vero
285 3610 375 3675 atque,
384 3597 551 3656 difficiliora
564 3599 658 3655 fusius
672 3597 832 3676 explanavi.
847 3596 969 3655 Alienus
980 3598 1058 3654 enim
1072 3617 1214 3676 sempera

203 3694 355 3754 communi
372 3695 565 3773 interpretum
582 3695 655 3752 vitio
674 3695 733 3764 fui,
752 3695 821 3772 qui,
842 3693 914 3764 dum
933 3693 1069 3776 facillima
1089 3713 1214 3772 quaeque
1262 3743 1265 3748 .

202 3790 411 3869 prolixioribus
429 3790 548 3848 student
563 3791 777 3850 commentariis
798 3790 961 3862 illustrare,
980 3789 1152 3848 difficillima
1165 3791 1214 3848 vix
1234 3814 1236 3823 ·

160 3959 164 3964 Ι
202 3887 343 3958 delibant,
352 3885 645 3965 saepenumeroetiam
652 3886 886 3963 praetermittunt.
895 3886 981 3946 Unde
989 3885 1212 3963 fitplerumque,
1275 3922 1279 3928 -

203 3993 239 4040 ut
255 4003 359 4043 comm
376 3983 461 4044 labor
481 3982 518 4042 sit
536 3983 684 4054 incastus,
703 3981 898 4060 studiosisque
918 3979 1079 4040 lectoribus
1094 3981 1216 4040 minima
1306 4034 1310 4038 .
